1682 3172
155 249 213 292 ΩΟ
558 282 565 289 .
614 244 1125 290 ADNOTATIONES

152 366 265 416 rint,
291 360 475 414 Ἠλείους
507 360 552 407 ἐκ
579 363 773 421 Λεπρέου
805 379 873 405 eos
909 380 932 404 a
957 372 1160 420 praecone
1191 379 1277 406 esse
1306 367 1587 420 renunciatus.

152 425 236 464 Εισ
211 439 261 478 go
290 422 478 480 Λέπρεος
507 421 534 466 o‘
557 418 725 466 Ἠλείων
760 431 821 464 est
844 423 1031 481 Λέπρεος
1066 422 1091 466 ὅ
1121 424 1165 466 ἕν
1193 428 1246 482 τῇ
1282 427 1510 489 Τριφυλία,
1537 434 1588 467 ut

152 483 311 522 dicitur
332 496 429 536 cap
435 481 512 535 ’,15
538 486 600 525 1.
635 484 771 537 Supra
792 496 958 538 quoque
975 483 1029 536 V,
1058 483 1104 534 5,
1131 488 1170 529 3.
1202 468 1284 523 s'uit
1302 483 1490 541 Λέπρεος
1513 481 1587 528 πό-

151 544 276 596 λισμα
305 537 473 583 Ἠλείων
496 554 552 580 ex
569 536 883 611 Aristophane.
900 542 1019 582 adde
1029 542 1205 582 Ducker.
1235 549 1275 582 et
1299 543 1523 589 Wassium
1533 543 1589 585 ad

153 599 342 669 Thucyd.
360 600 409 651 V,
428 603 498 645 31.
513 602 587 644 34.
604 596 768 654 Λάβαξ.
799 603 856 654 S)
846 600 1042 653 lburgius
1060 607 1149 655 put
1141 601 1252 652 ὦσι
1273 602 1414 674 forsan
1431 602 1586 642 rectius

149 672 238 698 esse
266 654 464 714 Λάβραξ·
510 672 609 700 nam
638 656 793 715 λάβοαξ
830 665 902 699 est
928 655 1169 714 ἀδηφάγος,
1209 676 1322 716 παοα
1351 657 1398 703 ‘cci
1425 656 1588 733 λάβρως

147 715 336 770 ἐσθίειν,
370 724 420 757 ut
436 724 497 757 est
511 717 559 758 in
580 714 1036 787 Etym.1s1.02v34nma2
1056 715 1101 760 δὲ
1123 717 1193 760 καὶ
1214 718 1254 769 ἐξ
1271 697 1424 773 αυτῆς’
1425 716 1588 770 'Isidos‘

149 773 380 830 παλαιστης
409 772 519 846 οἷνηρ
546 772 846 846 Ἀριστόδημος
870 773 1086 832 Θράσιδος.
1116 801 1171 807 —-
1207 777 1238 831 ἦ
1267 776 1312 819 δὲ
1334 773 1472 826 εἰκών
1503 777 1590 820 ἔστι

148 838 229 877 τοῦ
244 827 543 890 Ἀριστοδήμου
571 834 691 890 τέχνη
710 831 922 877 Δαιδάλου
953 838 1030 877 τοῦ
1047 835 1284 877 Σικυωνίου
1304 837 1502 890 μαὲθηιξοῦ
1512 834 1588 882 καὶ

149 891 302 949 πατρὸς
321 893 620 949 Πατοοκλέους
661 894 860 947 Vulgata,
892 907 975 947 qua
999 893 1153 933 dicitm
1174 893 1425 935 Aristodemi
1445 894 1587 945 lum,-

150 953 255 993 toris
275 959 458 993 statuam
472 952 617 992 fecisse
634 953 839 993 Daedalus
863 953 1081 1007 Sicyonius
1092 984 1103 1004 ‚
1129 950 1324 1023 μαθητής
1343 952 1414 995 καὶ
1430 949 1587 1026 πατρος

148 1011 445 1067 Πατροκλέους
465 1012 554 1051 scil.
570 1009 642 1054 ω’ν.
703 1012 771 1051 Sic
793 1012 919 1066 paulo
938 1018 1036 1067 post
1057 1010 1099 1064 §2
1119 1015 1158 1055 3
1199 1007 1453 1067 Κάνθαρος,
1477 1007 1586 1054 Ἀλέ-

150 1071 264 1122 ξιδος
285 1068 359 1125 μὲν
367 1067 553 1142 πατρός,
584 1066 837 1113 διδασκάλου
866 1068 953 1112 δὲ
927 1068 988 1112 aiv
1010 1067 1260 1124 Εὐτυχίδου
1292 1076 1333 1110 et
1362 1083 1450 1126 cap.
1470 1073 1525 1121 4,
1543 1074 1584 1114 3.

146 1126 340 1184 Σάτυρος
367 1124 523 1179 Ἠλεῖος
548 1126 838 1179 Λυσιάνακτος
871 1125 1037 1184 πατρός.
1096 1129 1165 1168 Sic
1199 1129 1402 1169 Daedalus
1435 1129 1583 1183 Sicyo·-

146 1188 249 1228 'nius
270 1187 501 1242 discipulus
523 1194 563 1227 et
576 1188 686 1228 filius
709 1189 835 1228 sumit
854 1188 1066 1228 Patloclis.
1118 1188 1253 1227 Verba
1270 1188 1494 1230 Pausaniae
1516 1202 1583 1230 se-

149 1248 226 1286 dus
247 1248 408 1300 accepit
430 1247 674 1301 Sylburgius
702 1247 819 1300 quasi
839 1247 911 1286 ille
935 1247 1105 1299 dixerit,
1135 1245 1250 1287 hunc
1268 1247 1583 1287 Daedalumdi-

146 1305 361 1359 scipulum
402 1312 443 1344 et
477 1308 656 1360 patrem'
679 1306 808 1345 fuisse
835 1306 1050 1345 Patroclis.
1079 1338 1087 1343 .
1109 1306 1234 1345 Recte
1265 1306 1405 1359 Nibby
1430 1305 1582 1346 vertit:

147 1364 229 1416 „11
253 1364 399 1404 ritrato
425 1364 466 1404 di
488 1363 748 1405 Aristodemo
773 1366 795 1404 e
817 1378 941 1418 opera
970 1364 1013 1403 di
1036 1364 1191 1403 Dedalo
1213 1362 1393 1405 Sici'onio
1421 1364 1598 1405 scolare.

149 1436 176 1462 e
194 1421 308 1476 figlio
334 1423 378 1462 di
396 1423 596 1463 Patrocle.
606 1425 631 1446 “
672 1424 744 1463 Sic
760 1429 802 1462 et
818 1423 959 1477 Meyer
972 1423 1019 1462 in
1035 1423 1142 1462 Hist.
1166 1429 1242 1462 art.
1263 1424 1340 1462 int.
1359 1422 1429 1463 Gr.
1449 1436 1492 1477 p.
1510 1426 1580 1467 917

147 1481 300 1535 -Gedoy
301 1496 379 1521 nus
409 1481 481 1523 καὶ
515 1485 611 1521 ante
641 1479 791 1537 πατρὸς
825 1482 1004 1521 deletum
1021 1478 1188 1532 'voluit,
1229 1495 1358 1535 quem
1378 1486 1580 1535 ‘sequutus
1646 1510 1651 1517 ·

147 1547 212 1580 est
234 1540 548 1593 Goldhagenus,
577 1554 726 1594 parum
745 1554 792 1579 co
795 1540 951 1592 uitans,
982 1539 1104 1579 nimis
1128 1540 1273 1580 duram
1294 1541 1351 1579 ita
1369 1541 1461 1580 fimi
1483 1555 1580 1581 ora-

148 1599 317 1639 tionem.
377 1600 442 1639 An
460 1613 561 1639 vero
577 1599 651 1639 hic
669 1599 872 1640 Daedalus
894 1598 1111 1652 Sicyonius
1130 1599 1330 1639 Patloclis
1353 1599 1464 1640 filius
1485 1600 1579 1639 fue-

147 1658 225 1709 rit,
256 1658 557 1698 dubitationem
580 1670 747 1698 movere
774 1664 913 1712 potest
931 1659 1051 1697 locus
1076 1657 1152 1708 VI,
1190 1661 1267 1709 19,
1302 1662 1361 1709 3„
1391 1657 1467 1697 ubi
1476 1660 1580 1698 Pa-

143 1724 190 1756 tt
192 1688 299 1756 oycleS
334 1717 595 1757 Crotoniates
620 1716 786 1756 dicitur.
843 1717 908 1756 Ex
939 1731 1020 1770 qua
1049 1689 1307 1756 dubitatione
1325 1716 1426 1756 oriri
1446 1717 1580 1770 possit

149 1776 354 1842 suspicio,
365 1809 367 1813 .
394 1775 464 1817 καὶ
485 1772 636 1831 πατρὸς
655 1774 757 1815 hinc
786 1760 968 1815 alienum
999 1780 1040 1813 et
1065 1791 1112 1814 or
1115 1781 1203 1814 tum
1231 1790 1325 1815 esse
1340 1790 1363 1815 e
1385 1777 1579 1831 proximo

146 1835 314 1874 nomine
343 1833 640 1889 Πατροκλέους.
708 1834 907 1874 Patroclis
933 1835 1086 1873 'autem
1124 1834 1221 1874 satis
1259 1834 1451 1886 congruit
1483 1849 1578 1881 cum

147 1900 280 1933 aetate
298 1893 469 1933 Daedali
490 1892 696 1946 Sicyonii;
727 1893 958 1932 Patroclem
978 1892 1087 1932 enim
1109 1893 1266 1932 Plinius
1285 1893 1488 1945 XXXIV,
1508 1897 1575 1938 19.

147 1954 420 2006 nonagesima
438 1953 599 2006 quinta,
615 1951 859 2005 Olympiade
882 1951 1074 1990 floruisse
1096 1951 1221 2002 dic‘it3
1267 1952 1378 1991 circa
1406 1953 1577 2001 eandem

147 2011 436 2065 Olympiadem
464 2017 536 2051 aut
563 2025 650 2050 non
678 2011 810 2049 multo
839 2023 956 2049 secus
985 2009 1175 2049 floruisse
1195 2010 1403 2064 putandus
1414 2017 1487 2056 ‚est
1504 2010 1575 2051 hie

145 2071 370 2110 Daedalus:
413 2068 497 2126 (ita
521 2075 560 2108 et
574 2068 715 2122 Meyer
733 2068 892 2108 iudicat
917 2069 960 2107 in
978 2067 1083 2107 Ilist.
1102 2074 1178 2108 art.
1200 2069 1277 2108 int.
1299 2069 1369 2109 Gr.
1384 2067 1572 2124 pw273.)

148 2129 303 2169 dicitur
330 2129 440 2170 enim
467 2143 556 2182 cap.
583 2132 634 2180 2,
659 2130 700 2171 4.
741 2127 850 2166 Eleis
871 2133 1111 2180 tropaeum,
1140 2127 1341 2167 victoriae
1371 2127 1420 2168 de
1444 2129 1572 2176 Lace-
1632 2132 1634 2134 “

147 2187 370 2228 daemoniis
399 2193 632 2242 reportatae
651 2186 837 2238 signum,
868 2186 1030 2236 fecisse3
1073 2192 1116 2224 at
1140 2184 1244 2225 haec
1266 2186 1572 2227 victoriainci-

146 2246 253 2286 disse
274 2247 442 2287 videtur
457 2247 504 2286 in
523 2245 809 2300 Olympiadem
830 2244 974 2299 XCIV.
1004 2244 1101 2284 vide
1118 2244 1174 2295 V,
1199 2248 1248 2296 4,
1270 2246 1308 2289 5.
1340 2251 1380 2284 et
1398 2245 1456 2291 ibi,
1478 2246 1572 2289 adn.

144 2305 298 2344 Eadem
314 2305 475 2345 rationo
494 2305 626 2344 huius
639 2302 829 2343 Daedali
849 2309 956 2342 aetas
975 2302 1170 2343 definitur
1185 2304 1231 2343 in
1240 2304 1573 2345 Winckehnanui

146 2364 255 2417 Opp.
276 2363 357 2415 VI,
391 2368 438 2416 2,
467 2365 534 2408 1-5.
591 2363 673 2402 Hic
701 2362 904 2401 Daedalus
928 2361 1063 2401 Plinio
1089 2365 1170 2413 34,
1204 2366 1278 2414 19,
1314 2363 1378 2406 15.
1417 2363 1571 2408 dicitur

145 2422 254 2461 inter
279 2422 445 2462 fictores
476 2421 692 2472 laudatus,
722 2434 872 2474 pueros
900 2420 1189 2472 distringentes
1213 2436 1254 2460 se
1277 2422 1442 2469 fecisse..=
1487 2422 1569 2460 Pa-

144 2481 291 2520 troclis
311 2476 464 2521 iterum'
490 2481 591 2521 fecit
607 2480 859 2519 mentionem
880 2479 1038 2520 Plinius
1058 2480 1258 2530 XXXIV,
1289 2483 1362 2530 19,
1385 2481 1467 2530 34,
1487 2481 1570 2523 nbi
1640 2507 1643 2511 ·

144 2539 317 2592 ponitur
341 2540 386 2579 in
407 2540 478 2591 iis,
516 2539 589 2593 qui
616 2538 811 2589 athletas,
844 2545 1042 2590 armatos,
1082 2546 1295 2578 venatores
1330 2535 1570 2585 sacrifican-

145 2604 288 2650 tesque
315 2598 504 2637 fecerint:
540 2597 655 2637 haud
681 2603 794 2637 recte
818 2596 945 2648 igitur
964 2597 1156 2637 Kuhnius
1179 2596 1362 2649 negavit,
1392 2606 1568 2650 usquam

144 2657 365 2696 memorari
394 2657 635 2696 Patroclem.
693 2656 850 2696 Forsan
876 2654 961 2694 duo
990 2657 1160 2696 suerunt
1187 2656 1426 2706 Patrocles,
1466 2657 1568 2696 alter

145 2714 316 2753 Daedali
342 2722 480 2769 pater,
520 2716 622 2755 alter
651 2714 920 2755 Crotoniates.
989 2714 1056 2754 Sic
1087 2713 1370 2767 Daleeampius
1403 2726 1568 2767 quoque
1638 2744 1640 2746 -

135 2772 340 2817 ‚distinxit
365 2773 419 2812 ad
434 2773 538 2813 Plin.
557 2778 639 2826 34,
662 2777 714 2817 19
723 2803 735 2824 ,
756 2775 824 2817 34.
885 2773 1099 2813 Caeterum
1115 2773 1260 2811 Facius
1285 2773 1399 2811 hunc
1426 2774 1566 2817 locum
1637 2802 1641 2805 .

146 2831 206 2873 ita
227 2831 441 2874 distinxit:
460 2855 519 2863 —
536 2830 567 2888 ἦ
587 2831 632 2876 δὲ
654 2827 778 2893 εἰκών
796 2831 880 2875 ἐστι
897 2835 973 2875 τοῦ
989 2827 1282 2889 Ἀριστοδήμου
1298 2830 1415 2886 τέχνη
1426 2865 1451 2890 ²,
1467 2834 1566 2873 Δαι-
