1676 3172
140 271 222 313 198
583 263 1082 310 ADNO'I'ATIONES

143 386 263 434 σθαι,
293 381 537 435 στεφανίτην
561 381 605 424 δὲ
628 381 696 426 τὸν
702 377 865 454 οἷγωνα
889 379 967 425 vimi
993 381 1140 438 τούτου
1165 382 1467 440 κατεστήσαντο
1482 387 1536 438 Χ,

141 443 188 489 7,
208 445 248 485 8·
269 454 310 513 Ρ·
329 444 428 486 814.-
454 441 526 480 ubi
551 441 664 480 vides
686 437 823 496 οἷγαῖνα
844 443 1088 496 χρηματίτην
1108 457 1179 483 seu
1204 441 1451 509 χρηματικον
1466 452 1539 483 seu

141 493 360 552 α’ργυρίτην
376 504 577 538 mutatum
597 499 642 538 in
659 501 915 552 στεφανίτην.
956 500 1120 540 Utinam
1143 501 1341 541 cautiores
1362 515 1536 541 essemus

139 554 184 594 in
210 555 298 594 aliis
323 569 505 596 errorum
533 557 788 596 accusandis!
828 571 920 595 nam
940 563 1088 598 temere
1109 559 1254 599 erroris
1273 562 1388 598 reum
1409 572 1536 612 agere,
1580 601 1583 613 γ,

138 613 270 664 gravis
298 620 358 653 est
385 614 545 654 iniuria.
591 615 668 654 1⁹10
692 613 723 669 ή
741 611 842 663 θεός
869 621 927 653 est
949 614 979 669 ἦ
999 615 1240 671 παρθένος“
1227 631 1271 655 ιιι
1295 616 1423 669 Mosq.
1453 615 1538 658 ἔλυ

137 685 233 723 τρον
250 667 405 726 κρήνης
430 679 670 723 „structum
698 673 805 713 fonti
833 674 1201 727 eonceptaculum“
1232 674 1343 728 Sylb.
1368 675 1420 713 ef.
1445 674 1537 715 adn

137 728 190 767 ad
209 729 266 780 II,
287 733 361 780 27,
382 734 421 774 8.

249 784 291 840 §-
321 791 360 830 2.
418 790 595 842 Γυμνασ.
622 785 800 844 οἷρχαῖον.
827 802 867 829 v.
898 788 951 828 ad
979 787 1018 842 §⁸
1038 793 1076 833 3.
1106 791 1272 831 τελεῖται
1303 787 1344 838 ἐς
1370 782 1541 843 ἐφήβων

137 842 302 909 μελέτην
316 845 530 898 Sylburgio
550 854 783 900 suspectum
801 847 1039 898 videbatur,
1068 861 1198 900 neque
1219 853 1353 885 tamen
1370 846 1542 885 audebat

138 902 335 953 conigere
350 907 455 944 τελεῖ
466 900 554 957 τήν.
584 905 654 944 sed
671 912 750 945 est:
796 904 1068 958 impenditur,
1098 904 1337 954 adhibetur,
1369 905 1542 942 inservit

136 962 415 999 exercitationi
442 960 696 1029 epheborum.
754 963 801 1002 In
831 959 1118 1017 ἐφηβεύσωσιν
1148 963 1354 1014 enallagen
1383 961 1542 1011 numeri

136 1030 220 1056 esse
238 1031 313 1070 pro
336 1015 545 1077 ἐφηβεύση
568 1020 802 1073 Sylburgius
822 1020 879 1060 ait
895 1035 936 1074 p.
951 1021 1046 1064 929.
1067 1020 1128 1059 ed.
1141 1019 1275 1059 Kulm.
1303 1014 1541 1073 Ὀλυμπιάσι

131 1075 267 1126 vulgo.
318 1076 376 1115 De
393 1061 567 1116 lecti01¹1e
587 1080 751 1130 vulgata
770 1078 840 1119 καὶ
861 1077 999 1133 Νέμεα
1029 1077 1185 1116 dietum
1212 1077 1299 1116 iam
1311 1078 1374 1116 est
1395 1075 1452 1115 ad
1460 1075 1536 1127 vi,
1543 1121 1547 1125 ,
1619 1067 1621 1069 ’

136 1136 181 1201 1,
207 1137 246 1176 2.
274 1139 377 1172 extr.
401 1135 558 1174 Clavier
589 1135 658 1174 hic
688 1135 758 1176 καὶ
778 1135 918 1207 Νεμέᾳ
941 1136 1115 1189 sempsit.
1130 1136 1214 1177 καὶ
1241 1131 1370 1176 αὐτοῦ
1387 1133 1456 1178 καὶ
1476 1134 1538 1182 εἶ’-

133 1185 234 1231 κόνα
254 1187 498 1245 ποιήσαντες
515 1215 573 1223 --
594 1210 670 1247 την
693 1192 767 1247 μὲν
792 1217 841 1223 -
865 1191 943 1247 *15er
970 1192 1014 1234 δὲ
1036 1194 1226 1245 Vulgata,
1257 1205 1358 1246 quae
1377 1192 1538 1242 videtur

136 1255 328 1317 corrupta
358 1263 459 1300 esse,
490 1265 583 1290 nam
607 1252 729 1301 duae,
759 1258 807 1290 ut
832 1257 945 1304 patet
963 1264 988 1290 e
1006 1251 1227 1304 proximis,
1258 1233 1538 1302 significantur

134 1301 311 1356 εἰκόνες,
340 1306 479 1360 itaque
494 1306 654 1358 εἰκόνας
671 1309 928 1349 scribendum
944 1309 1282 1358 existimavimus,
1306 1307 1416 1361 quod
1431 1306 1540 1346 idem

131 1362 231 1402 fecit
260 1364 436 1415 clavier,
475 1366 546 1418 qui
570 1365 682 1404 hoc
671 1380 805 1431 ipsum
830 1367 875 1405 in
901 1366 990 1405 cod.
1016 1370 1138 1410 1411
1166 1365 1330 1418 repexit.
1358 1362 1455 1418 τὴν
1464 1361 1540 1418 μὲν

131 1418 173 1468 ἐς
191 1415 413 1474 Ὀλυμπίαν
439 1419 663 1475 ανέθεσαν,
694 1424 812 1462 cuius
842 1423 994 1462 mentio
1022 1425 1127 1462 facta
1145 1429 1205 1462 est
1221 1423 1295 1472 VI,
1315 1426 1362 1473 8,
1384 1425 1424 1465 3.
1481 1422 1540 1460 De

131 1475 197 1516 his
218 1479 340 1520 λίθου
361 1476 514 1534 ταύτην
534 1480 603 1522 καὶ
623 1476 674 1522 οιῖ
693 1484 844 1534 χαλκοῦ
859 1480 1091 1520 dicebamus
1112 1481 1162 1520 ad
1184 1494 1270 1534 cap.
1289 1483 1367 1530 22,
1384 1483 1426 1524 6.
1456 1481 1538 1520 Ko-

130 1536 299 1588 ρινθίου
327 1541 575 1586 συνεστωτος
595 1537 774 1592 πολέμου
795 1541 1072 1592 Πελληνεῦσιν
1090 1552 1141 1576 an
1162 1537 1290 1577 haec
1277 1537 1406 1591 lpsius
1427 1537 1538 1576 Pau-

131 1592 265 1631 saniae
291 1607 435 1633 manus
459 1595 510 1634 sit
537 1595 788 1645 dubitamus,
819 1609 909 1634 eum
933 1597 1176 1661 Κορινθίοις
1200 1597 1453 1644 συνεστωτος-
1466 1609 1538 1636 πο-

129 1648 254 1703 λέμου
275 1651 344 1691 καὶ
365 1654 643 1706 Πελληνεῦσιν
668 1653 873 1706 sclipsisse
899 1653 1186 1692 existimantes.
1234 1652 1359 1701 Quod
1387 1653 1437 1692 de
1456 1652 1539 1691 Gu—

128 1706 268 1746 zintho
293 1723 440 1748 nomen
467 1710 589 1749 habet
609 1710 782 1761 bellum,
813 1709 836 1752 ὁ
856 1710 1025 1764 κληθεις
1048 1725 1118 1749 seu
1145 1706 1438 1764 ὀνομαζόμενος
1456 1712 1539 1751 Κο-
1572 1723 1579 1734 ²

128 1763 346 1818 ρινθιακος
364 1764 539 1821 πόλεμος
555 1775 725 1807 vocat-m
743 1742 819 1819 ΙΙΙ,
841 1771 890 1818 9,
915 1772 955 1812 6.
987 1769 1054 1818 IV,
1079 1773 1147 1820 17,
1169 1772 1208 1811 3.
1237 1767 1398 1824 λέγεται
1407 1765 1452 1808 δὲ
1467 1761 1539 1809 καὶ

126 1837 166 1863 κ.
185 1838 217 1864 τ.
235 1826 269 1864 λ.
298 1824 347 1863 de
369 1824 449 1863 hoc
469 1826 572 1877 Pol)
575 1825 770 1864 clamante
794 1826 981 1878 pluribus
1013 1799 1121 1865 dixit
1151 1824 1365 1865 Pausanias
1389 1824 1466 1876 VI,
1483 1825 1537 1871 5.

128 1892 182 1918 ex
199 1894 280 1933 quo
302 1881 395 1920 loco
416 1889 454 1921 et
473 1883 734 1923 adnotatione
753 1897 879 1936 quum
908 1898 989 1936 quo
1011 1889 1193 1937 tempore
1212 1883 1282 1923 ille
1301 1882 1535 1923 Pancratia-

128 1943 211 1977 stes
229 1938 383 1979 vixerit
402 1940 671 2011 intelligatur,
694 1955 772 1980 nec
790 1941 840 1980 de
857 1941 1069 1980 Promachi
1087 1947 1217 1980 aetate
1235 1940 1420 1980 dubitare
1436 1955 1537 1994 pos-

127 2002 280 2035 sumuS.
313 1994 553 2052 κρατήσειεν
569 1994 768 2056 Ὀλυμπίᾳ
785 1999 1219 2052 vulgo.S<·11ps1mus
1238 1994 1474 2053 κρατήσειεν
1490 1997 1537 2039 ἒν

127 2047 345 2111 Ὀλυμπία·
384 2069 497 2094 nunc
525 2056 646 2096 video
672 2057 778 2096 idem
803 2056 1002 2109 placuisse
1023 2057 1191 2126 Corayo.
1241 2056 1394 2095 Eodem
1413 2055 1534 2094 modo

127 2117 342 2163 peccatum
359 2119 419 2152 est
435 2109 554 2165 VIII,
576 2118 657 2164 26,
681 2118 720 2157 2.
753 2114 794 2152 in
817 2114 1002 2167 ἐνίκησεν
1024 2109 1235 2171 Ὀλυμπία.
1280 2114 1378 2154 Mox
1395 2109 1536 2167 Ὀλυμ-
1555 2119 1557 2121 ’

127 2166 248 2210 πικὸν
268 2170 412 2222 vulg03
451 2177 591 2211 nostra
615 2171 816 2225 scriptura
846 2178 905 2221 est
936 2171 1088 2211 codicis
1113 2172 1241 2227 Mosq.
1278 2168 1462 2226 παρᾶ-
1475 2170 1535 2212 οἷ’-

128 2227 238 2268 κᾱδδ·
273 2227 369 2268 Vide
379 2228 463 2279 VI,
493 2230 542 2280 5,
564 2233 603 2273 3
634 2229 826 2284 ἐλεγεῖον·
864 2242 958 2281 eigo
988 2228 1125 2268 omisit
1144 2228 1360 2269 Pausanias
1386 2233 1535 2297 penta-

127 2290 316 2324 metrum.
345 2286 423 2326 Pro
434 2281 490 2327 ,Ω
514 2293 576 2326 est
596 2289 652 2344 τῷ
665 2288 708 2326 in
727 2287 854 2340 Mosq
883 2285 928 2328 ἐν
947 2287 1178 2343 Χαιρωνεία
1195 2283 1270 2328 δύο
1287 2282 1535 2340 ἀνελόμενον

122 2337 263 2412 παλης
285 2343 403 2393 νίκας
423 2344 492 2386 καὶ
515 2344 560 2386 ἐν
584 2329 782 2402 Ὀλυμπία
811 2342 1008 2399 τέσσαρας
1030 2344 1215 2397 Vulgata.
1245 2343 1288 2386 ἐν
1310 2344 1535 2409 Χειρωνεία

128 2394 205 2440 δύο
229 2395 476 2455 ἀνελομένου
493 2402 626 2467 ’Mosq·.
669 2386 796 2442 Verae
822 2402 1008 2441 lectionis
1032 2402 1221 2441 inventae
1241 2402 1330 2440 laus
1360 2400 1535 2440 acumini

128 2455 299 2496 debetur
315 2455 484 2498 Pahnffl
464 2474 522 2510 11,
554 2460 625 2512 qui
645 2460 690 2498 in
715 2454 890 2499 Exercit.
910 2459 967 2498 ita
986 2460 1167 2499 conexit
1184 2456 1252 2501 τὸν
1271 2457 1315 2500 δὲ
1340 2459 1534 2515 Χαίρωνα

129 2511 206 2556 δυο
226 2510 482 2569 ἀνελόμενον.
520 2516 652 2575 Qlem
670 2530 763 2556 suae
782 2517 1073 2556 emendationis
1097 2516 1394 2555 confirmandae
1413 2529 1534 2554 causa

127 2571 266 2610 locum
286 2574 423 2613 attulit
445 2574 783 2614 &Demosthenis
804 2574 986 2613 oratione
1006 2575 1054 2613 de
1073 2574 1303 2613 foederibus
1324 2587 1416 2612 cum
1434 2574 1532 2612 Ale-

126 2629 309 2681 xandro,
339 2645 451 2681 eum,
485 2632 676 2684 quoniam
696 2631 914 2671 Pausaniae
934 2632 1174 2671 illustrando
1193 2630 1383 2681 inservit,
1411 2643 1531 2682 repe—

126 2692 228 2724 tam·
258 2683 408 2741 Ἀχαιοὶ
429 2686 503 2741 μὲν
528 2690 570 2730 οἱ
587 2689 630 2730 ἐν
649 2692 701 2746 τῇ
720 2685 1022 2760 Πελοποννήσῳ
1041 2689 1408 2759 ἐδημοκρατοῦντο·
1438 2683 1530 2728 τού-

128 2758 210 2784 των
238 2743 283 2785 δὲ
306 2745 350 2787 ἐν
365 2743 556 2802 Πελλήνῃ
573 2749 652 2788 νῦν
675 2731 918 2788 καταλέλυκε
937 2763 1014 2799 την
1030 2743 1151 2787 πόλιν
1166 2762 1188 2786 ο
1180 2742 1436 2794 Μακεδων,
1471 2744 1531 2787 ἔκ-

127 2798 267 2853 βαλων
284 2805 366 2844 τῶν
384 2806 560 2845 πολιτῶν
580 2820 675 2853 τους
690 2804 921 2856 πλείστους,
942 2819 992 2845 τα
1014 2799 1054 2846 δ’
1068 2803 1237 2880 ἐκείνων
1256 2806 1339 2853 τοῖς
1359 2801 1530 2850 οἰκέταις
