1676 3172
425 241 507 282 AD
547 241 661 282 LIB.
703 241 811 282 vm.
868 240 996 282 CAP.
1024 241 1175 283 XXIV.
1430 245 1519 287 273

83 357 307 413 repetendo
336 361 400 401 est
429 352 584 411 αὐτήν
622 356 684 398 sic
706 357 917 397 interdum
949 359 1081 411 σφεῖς.
1134 357 1193 397 Ut
1214 357 1285 397 hic
1304 353 1516 414 Καλλιρόη

26 477 34 485 ἱ
84 417 147 456 sic
174 415 298 455 etiam
317 414 417 466 VII,
437 419 516 466 21,
538 419 577 459 1.
608 421 650 454 et
676 415 722 454 in
743 415 912 455 Anthol.
939 416 1024 455 Pal.
1047 416 1094 456 T.
1115 415 1146 455 Ῑ.
1169 430 1211 469 p.
1233 418 1331 460 204.
1366 419 1516 458 Καλλι-

83 445 479 586 ffiffiss'ssss‘inffffl
498 469 1512 585 ἷέεέἕέαἶκέἒέἕὲὒὶζξέἑτῖὸμῗὲζῖἶῗῗιῗῑξζῖ

81 590 154 630 kel
180 589 265 629 iam
283 589 470 629 laudavit
490 589 791 643 Apollodorum
819 597 860 629 et
884 590 1135 630 Strabonem.
1163 605 1214 630 τα
1234 612 1294 619 ·—-
1317 588 1514 644 καλσυμὲ-
1528 637 1535 646 ,

34 680 37 681 ⁷
82 658 184 698 νοις.
213 647 275 688 sic
292 653 334 687 et
350 646 481 687 Thuc.
501 648 531 687 1.
551 662 586 688 c.
609 653 650 687 et
672 646 811 689 schol.
840 664 890 688 τα
909 645 989 703 πρὸ
1011 650 1089 689 τοῦ
1109 647 1230 700 vulg.
1254 648 1403 687 Facius
1421 662 1513 687 ma-

0 730 3 733 »
82 704 211 747 lebat
215 702 272 753 502
298 702 380 760 προ
401 701 571 757 τούτου,
601 705 748 759 quod'
734 720 780 745 ln
801 706 921 745 codd.
944 709 1068 750 1410.
1091 709 1217 750 1411.
1239 713 1450 760 repertum
1467 706 1514 746 in

85 769 288 804 contextu
315 777 470 818 ponere
499 778 586 803 non
613 763 822 804 dubitavit
851 763 1032 815 Clavie1,
1074 764 1234 813 nullos,
1265 778 1331 804 me
1358 764 1512 815 iudice,

81 821 308 862 imitatores
330 821 394 861 sui
411 821 641 862 habiturus.
682 823 735 862 cf.
746 822 807 862 ad
825 822 905 873 IX,
929 825 1003 874 13,
1025 823 1066 865 4.
1096 821 1154 872 II,
1175 825 1226 873 6,
1251 825 1288 865 1.
1319 826 1514 878 γυναῖκες
1599 873 1609 880 ,

82 878 129 922 δὲ
147 878 273 922 πλέον
294 879 398 930 egon.
426 893 513 919 non
532 880 699 920 videtur
723 895 802 934 pro
828 879 998 929 πλέονες
1025 879 1186 919 dictum
1204 893 1303 921 esse.
1334 881 1387 920 cf.
1406 880 1514 932 vm,

81 940 153 982 22.
175 944 279 978 extr.
319 936 494 978 Caedem
511 939 783 978 Alcmeonis·
812 938 897 978 iam
926 944 1224 978 memoraverat
1244 938 1322 990 VI,
1358 941 1435 990 17,
1469 941 1513 983 4.

79 997 159 1038 τοῦ
189 993 485 1051 ’Φηγέως-’Ὗ
458 1012 601 1065 ορμον.
653 996 748 1037 Hoc
772 997 975 1051 repetitur
995 997 1077 1048 IX,
1104 999 1185 1048 41,
1215 999 1256 1040 2.
1293 992 1516 1065 ἆναθῆναι

79 1054 210 1108 Mosq.
238 1057 323 1096 τῶν
344 1050 647 1108 βασιλευόντων
667 1055 779 1094 idem
798 1055 912 1108 quod
933 1050 1092 1096 τούτων
1114 1050 1426 1122 βασιλευόντων.
1460 1056 1515 1098 cf.

80 1111 181 1163 adl,
208 1113 285 1163 15,
306 1115 349 1156 2.
371 1127 413 1166 p.
426 1113 496 1156 50.
528 1113 634 1152 adde
652 1112 805 1153 Herod.
816 1114 889 1163 IX,
913 1115 982 1157 93.
1014 1115 1126 1165 σφᾶς
1147 1109 1194 1154 δὲ
1213 1134 1267 1142 --
1292 1112 1335 1161 ἐς
1358 1108 1512 1167 Θήβας.

78 1168 140 1209 Ne
161 1169 255 1223 quis
283 1170 461 1210 miretur
482 1170 777 1211 Accusativum
800 1174 931 1223 σφᾶς,
962 1185 1058 1209 nam
1078 1169 1292 1224 Psophidii
1322 1170 1403 1210 hoc
1425 1185 1514 1210 non

78 1228 220 1282 potius
253 1228 306 1268 de
335 1242 378 1267 se
402 1242 526 1282 quam
550 1229 632 1268 de'
619 1229 693 1281 iis,
725 1229 796 1282 qui
817 1229 984 1268 Troiani
1011 1228 1110 1268 belli
1132 1235 1318 1281 tempore
1335 1228 1516 1299 Psophi-

80 1286 175 1325 dem
205 1299 279 1327 seu
308 1285 501 1339 Phegiam
528 1286 752 1338 habebant,
791 1286 967 1341 putandi
999 1292 1098 1326 sunt
1126 1299 1323 1326 narrasse.
1370 1283 1522 1336 αὐτοῖνΥ

80 1347 169 1394 τοῖς
185 1345 416 1399 βασιλεῦσι·
454 1347 619 1384 Temeno
641 1344 866 1396 amiani,
887 1343 1146 1384 Alcmaeonis
1163 1344 1511 1385 interfectoribus.

193 1399 238 1455 51
268 1405 308 1446 1·
371 1399 453 1452 Τας
474 1400 520 1444 δὲ
535 1398 751 1456 Ἐχινάδας
766 1425 827 1433 —
845 1399 1134 1458 ἀπειργάσθαι.
1169 1402 1286 1442 Dixit
1302 1401 1385 1442 hoc
1405 1417 1511 1442 con-

78 1464 146 1498 tra
165 1459 400 1513 opinionem
420 1460 883 1514 Thucydidisflw102
931 1461 992 1500 Cf.
1021 1461 1072 1500 de
1092 1459 1265 1501 Acheloi
1285 1457 1513 1517 προςχοίσει

81 1516 253 1557 Vossius
272 1519 327 1558 ad
349 1518 491 1571 virgil.
503 1519 591 1558 Ecl.
602 1519 669 1558 VI.
687 1533 731 1572 Ρ.
721 1522 840 1563 ..⁹134
868 1517 1011 1575 γέγονε
1033 1517 1080 1560 δὲ
1098 1533 1176 1573 pro
1194 1518 1360 1573 γέγονεν
1379 1520 1510 1590 Mosq.

35 1583 39 1585 “
78 1579 171 1624 ταῖς
189 1572 361 1618 -ἶλόν,
402 1576 632 1645 Stephanus
653 1577 753 1629 Byz.
786 1577 837 1616 <le
855 1576 1001 1616 iisdem
1020 1576 1086 1615 his
1107 1577 1276 1622 insulis:
1319 1573 1415 1626 αἷς’
1407 1582 1512 1633 Aze-

78 1635 185 1683 λῶος
210 1631 394 1688 ποταμός
421 1630 668 1690 προςβαλλει
699 1630 806 1677 ἰλυν.
854 1635 947 1674 Hoc
976 1635 1228 1674 vocabulum
1260 1635 1430 1688 proprie
1459 1636 1512 1675 de

78 1690 232 1732 fluviis.
270 1707 311 1734 v.
330 1692 483 1758 Phryn.
510 1707 552 1747 p.
570 1696 642 1737 72.
664 1692 770 1732 Lob.
796 1699 838 1732 et
860 1693 1033 1744 V11,2‚
1064 1697 1105 1737 7.
1145 1688 1280 1748 αροῦν
1311 1693 1431 1732 eiiam
1453 1695 1509 1745 X,

82 1752 159 1801 16,
181 1753 221 1794 3.
248 1749 332 1790 hoc
359 1751 486 1803 magis
510 1750 683 1791 atticum
712 1765 835 1804 quam
865 1747 1064 1806 ἀροτριᾶν
1088 1757 1193 1790 teste
1222 1750 1379 1790 Thoma
1402 1751 1508 1805 Mag.

78 1821 121 1878 P·
145 1780 241 1852 111
271 1809 353 1848 Sed
342 1823 451 1879 pro
468 1809 580 1861 vulg.
600 1805 832 1863 α’ρουμένης
850 1809 909 1851 ἔτι
926 1809 1058 1862 Mosq.
1077 1809 1276 1862 egregiam
1292 1809 1510 1850 lectionem

79 1861 367 1939 &genuinam-‘¹
345 1880 420 1910 οσα
449 1865 518 1921 ἔτη
545 1866 712 1907 exhibet
739 1867 765 1906 i.
796 1881 830 1906 e.
855 1869 1095 1921 quotannis.
1123 1881 1166 1908 v·
1191 1867 1327 1920 Viger.
1344 1882 1386 1922 Ρ.
1411 1871 1507 1913 132.

4 1958 6 1967 ,
78 1939 159 1979 την
179 1922 330 1978 μεταξυ
350 1941 388 1966 κ.
409 1941 442 1966 τ.
463 1929 499 1966 λ.
530 1926 582 1967 cf.
602 1925 769 1965 omnino
789 1925 886 1976 VII,
910 1929 961 1976 2,
983 1929 1025 1969 7.

194 1980 237 2036 §.
267 1986 308 2027 6.
373 1983 608 2036 Ψωφιδίοις
620 1999 660 2025 κ.
679 1999 713 2025 τ.
731 1987 767 2025 λ.
797 1983 862 2023 Ex
873 1956 961 2023 ''his
966 1982 1102 2024 verbis
1120 1985 1177 2037 S)
1176 1982 1362 2036 lburgius
1379 1990 1508 2039 puta-

77 2040 149 2080 bat
176 2040 334 2093 colligi,
375 2042 579 2095 templum
613 2041 725 2081 illud
763 2048 805 2082 et
837 2040 1100 2082 simulacrum
1131 2041 1387 2096 Erymantho
1420 2058 1507 2084 non

77 2097 193 2138 heroi
223 2099 297 2138 sed
318 2096 451 2139 fluvio
483 2105 618 2140 erecta
643 2096 779 2140 fuisse.
830 2099 956 2150 Quod
985 2100 1045 2140 ita
1070 2100 1378 2155 accipiendum,
1416 2103 1502 2142 viri

80 2156 247 2209 quidem
278 2157 352 2196 sed
383 2171 471 2197 non
507 2157 643 2198 herois
674 2158 849 2212 speciem
880 2158 1070 2199 habuisse
1107 2157 1190 2198 hoc
1218 2159 1484 2200 simulacrum
1492 2175 1505 2212 ;

78 2227 256 2268 namque
266 2215 461 2256 Aelianus
481 2230 645 2269 quoque
663 2216 714 2256 V.
733 2217 786 2256 H.
806 2217 865 2267 Π,
889 2220 957 2261 33.
988 2217 1039 2255 de
1058 2230 1106 2255 eo
1125 2217 1286 2257 scribit:
1328 2217 1375 2259 ἐν
1407 2218 1507 2260 εἴδει

0 2315 3 2318 ,
80 2269 250 2327 α’νδρῶν
275 2274 487 2326 Ψωφίδιοι
508 2272 578 2317 τὸν
597 2270 860 2329 Έῴμανθον
885 2270 1161 2316 δεικνύουσιν.
1199 2275 1260 2313 De
1266 2275 1507 2328 fluviorum

80 2331 320 2369 simulacris
353 2331 425 2371 ille
454 2332 545 2386 ipse
578 2331 739 2372 Aeliani
765 2333 883 2372 locus
913 2338 973 2371 est
982 2347 993 2383 ;
1039 2332 1144 2372 adde
1174 2333 1506 2373 winckelmanni

81 2388 188 2442 Opp.
200 2388 303 2428 vm.
323 2392 451 2443 Ρ.90,
482 2389 555 2429 ubi
575 2391 694 2430 etiam
716 2391 765 2430 de
791 2391 891 2430 Mla
913 2405 954 2443 p.
969 2394 1074 2441 188,
1105 2391 1156 2430 de
1178 2404 1260 2444 quo
1279 2390 1362 2430 iam
1383 2391 1506 2432 Kuh-

71 2447 174 2491 ,nius
193 2447 390 2486 citaverat
406 2448 576 2488 Lucian.
596 2449 640 2488 in
659 2448 827 2491 Rhetor.
848 2449 984 2490 Praec.
997 2491 999 2493 ,
1014 2448 1108 2488 add.
1125 2448 1281 2501 Meyeri
1299 2449 1406 2489 Hist.
1429 2457 1505 2490 art.

67 2504 202 2544 ‘inten
221 2505 364 2545 Graec·
382 2505 457 2556 ῙΠ,
481 2509 551 2550 60.
569 2503 648 2548 “Ον
667 2505 713 2548 δὲ
733 2505 894 2560 ἥκουσα
913 2522 950 2547 κ.
972 2521 1005 2548 τ.
1029 2509 1064 2547 λ.
1093 2506 1235 2560 Neque
1255 2505 1338 2546 hoc
1359 2521 1411 2547 ex
1430 2521 1505 2548 sua

78 2576 254 2616 persona
279 2570 421 2603 narrat
449 2564 681 2604 Pausanias.
720 2565 874 2609 Plinius
894 2564 994 2616 VH,
1021 2566 1091 2608 46.
1125 2570 1167 2603 et
1186 2564 1375 2605 Valerius
1394 2566 1503 2609 Max.

79 2619 177 2670 VII,
202 2625 241 2665 1.
269 2620 351 2661 hoc
368 2622 552 2662 referunt
571 2623 624 2662 ad
646 2623 772 2676 Gygis
791 2630 998 2676 tempora,
1028 2621 1260 2675 Psophidii,
1289 2637 1376 2662 non
1398 2625 1504 2664 Pau-

80 2678 237 2729 sanias,
277 2679 331 2718 ad
363 2680 513 2720 Croesi.
553 2678 656 2724 κατοὶ
688 2683 764 2736 Κρ.
803 2689 981 2734 tempore
1022 2680 1163 2720 Croesi
1199 2679 1312 2734 sylb.
1353 2681 1503 2722 Goldh.

81 2739 290 2791 Κροῖσσον
306 2737 438 2791 Mosq.
474 2736 559 2780 v‘mi
589 2736 634 2779 δὲ
659 2742 736 2780 τοῦ
764 2737 810 2781 ἐν
825 2761 886 2769 —-
907 2736 1150 2793 διδαγμένος
1170 2737 1292 2777 idem.
1330 2740 1505 2779 Homeri

5 2823 10 2829 .
79 2794 197 2834 Iocus
224 2795 433 2840 estssiad.
455 2796 611 2848 XXIV,
634 2798 733 2844 527.
764 2811 847 2851 quo
879 2796 1013 2838 utitur
1041 2795 1166 2836 etiam
1183 2796 1431 2837 Plutarchus
1456 2798 1527 2851 in,

138 2862 200 2904 ad
223 2865 331 2905 Tom.
350 2865 425 2907 [IL
1197 2879 1218 2905 8
