1676 3172
137 301 223 346 180
337 326 346 332 ,
598 294 1094 338 ADNOTATIONES

135 397 356 487 νςιξννίνιοεν.)Ι
393 412 593 453 Porsonus
629 411 762 453 voluit
789 411 898 452 idem
932 411 1000 452 vel
1032 409 1252 465 ἕπακτούς,
1293 418 1334 454 et
1363 411 1551 454 laudavit

135 470 305 516 ἐπακτὸν
335 487 463 525 ονομα
490 484 543 510 ex
565 470 681 522 VIII,
711 474 751 515 8.
781 477 884 511 extr.
911 470 1007 510 addi
1030 477 1191 525 poterat
1219 468 1384 522 ξενικὸν
1396 469 1519 526 μὲντ
1494 486 1548 579 ’Ἴι
1599 478 1601 481 ’

134 535 225 590 θεῷ
252 528 298 572 το
328 526 478 582 ὄνομα,
508 527 743 584 εἰςηγμὲνον
775 527 820 570 δὲ
847 527 1048 584 ἑτέρωθεν
1072 528 1142 570 καὶ
1163 544 1210 570 το
1236 527 1394 585 ἄγαλμα
1418 543 1440 569 e
1461 529 1515 569 VI

138 575 214 640 18,
236 593 276 633 6.
323 587 488 627 Kuhnio
516 587 668 626 assensi
698 593 796 626 sunt
828 587 988 626 Clavier
1012 592 1052 626 et
1077 585 1230 640 Nibby:
1271 587 1483 641 equidem,
1514 586 1551 626 si

136 646 248 701 optio
269 646 407 696 detur,
441 645 576 685 malim
594 640 795 700 Ἀργείους
819 645 970 697 legere,
1004 644 1195 698 quoniam
1216 644 1265 684 ab
1287 645 1550 710 Aegiensibus

134 705 179 746 hi
197 704 286 754 Dii,
315 704 548 756 Neptunus,
578 702 795 754 Hercules,
825 702 981 757 Iupiter
1004 709 1044 742 et
1061 702 1262 754 Minerva,
1294 717 1469 757 quorum
1489 703 1550 742 si-

134 775 212 816 gna
234 762 283 801 ab
309 761 470 813 Argivis
497 767 758 832 acceperant,
796 760 870 800 vix
895 761 978 800 dici
999 767 1117 814 poter
1120 767 1191 799 ant
1208 760 1448 800 introducti
1476 775 1550 799 seu

126 821 350 875 peregrini.
380 815 508 872 ἐδόθη
531 814 756 891 ἀγάλματα
759 817 944 871 Vulgata.
983 819 1196 871 Sylburgio
1214 825 1380 859 auctore
1395 819 1550 858 inserui

134 879 376 928 articulum;
419 877 578 916 Clavier
605 874 704 931 [τοι]
730 871 939 931 ἆγαλματα
957 877 1132 930 scripsit.
1165 871 1282 918 αὐτοὶ
1306 872 1362 918 δὲ
1371 872 1550 931 σὸφισμα

133 954 170 980 κ.
186 952 220 978 τ.
240 940 273 978 λ.
333 934 570 988 Sylburgius
597 934 799 974 reddidit:
841 933 998 974 callido
1031 949 1060 974 a
1079 949 1121 973 se
1139 941 1361 974 commento
1385 936 1549 988 excogi-

133 1003 291 1045 tatam,
324 1000 373 1032 ut
386 993 623 1046 permultas
648 991 816 1046 quidem
833 992 998 1031 hostias
1012 1000 1264 1046 mactarent,
1291 1000 1329 1032 et
1344 991 1430 1031 diis
1449 1006 1550 1031 con-

133 1059 355 1102 secrarent,
386 1049 461 1090 sed
485 1065 554 1089 eas
574 1058 723 1104 postea
747 1052 792 1089 in
809 1051 1030 1104 publicum
1061 1052 1230 1104 epulum
1258 1057 1548 1091 converterent.-

135 1120 260 1164 acqae
275 1113 339 1148 ita
359 1109 502 1148 nullae
510 1111 605 1159 fere
624 1116 790 1148 sumtus
807 1111 851 1148 in
866 1110 1401 1163 sacrficiafuissefactos.
1436 1108 1550 1148 Idem

135 1169 443 1223 suspicabatur,
481 1166 719 1206 Amasaeum
753 1166 799 1205 in
820 1181 893 1206 sua
913 1167 1100 1207 veisione
1123 1167 1334 1221 scripsisse
1357 1166 1425 1206 dis
1451 1179 1548 1221 quo,

134 1239 239 1278 non,
270 1225 427 1279 disque.
474 1225 552 1264 Pro
579 1224 649 1266 καὶ
678 1219 794 1266 αυτοὶ
820 1232 881 1264 est
906 1225 978 1267 καὶ
1005 1221 1146 1275 αὐτοῖς
1171 1226 1217 1266 in
1240 1226 1366 1281 Mosq.
1397 1224 1551 1269 ἐκτῖσαι

124 1286 269 1339 ‘vulga
301 1285 353 1325 cf.
375 1296 462 1337 cap
487 1285 563 1334 14,
585 1285 624 1327 4
655 1281 700 1326 ἐν
719 1278 891 1341 Σπάρτῃ
910 1284 962 1324 c-f.
981 1283 1055 1336 111,
1077 1287 1153 1337 12,
1175 1287 1216 1331 6.

512 1480 869 1533 CAPUT
937 1482 1159 1534 XXIV.

248 1573 288 1629 §-
318 1577 355 1619 1-
407 1572 543 1630 Αἷγέω
561 1598 608 1608 «-
635 1577 854 1631 πεποίηται
870 1580 944 1631 τῆς
959 1574 1179 1633 Δήμητρος
1197 1567 1400 1648 Mem-31)
1414 1571 1494 1630 Αἶγ
1497 1572 1548 1631 ίῳ·

136 1639 197 1674 est
230 1636 350 1672 iuxta
374 1632 577 1686 Aegium,
608 1634 719 1686 quod
742 1649 762 1674 e
789 1635 922 1675 verbis
942 1634 983 1689 ᾗ.
1001 1641 1041 1680 2.
1072 1635 1285 1692 παρέχεται
1309 1631 1400 1676 δὲ’
1377 1650 1399 1676 ο
1416 1654 1475 1662 -—
1470 1589 1548 1674 yel-

137 1691 292 1747 ρημένα
308 1691 559 1756 intelligitui.
588 1688 676 1744 μετ’
699 1689 809 1734 αὐτῶ
826 1699 919 1734 ante
938 1694 1122 1745 Faciam,
1155 1694 1226 1747 qui
1242 1692 1323 1732 hoc
1337 1705 1411 1746 per
1413 1695 1548 1729 muta-

135 1750 199 1790 vit
223 1763 316 1788 cum
338 1749 541 1801 Sylbuigii
559 1736 834 1790 emendatione
859 1747 947 1806 μετ’
970 1748 1088 1804 αυτὸ,
1117 1750 1301 1791 Amasaei
1315 1748 1547 1790 versionem

136 1813 338 1860 sequente.
381 1807 671 1846 Valckenmius
693 1809 867 1848 malebat
886 1805 973 1864 μετ’
996 1806 1135 1852 αὐτου.
1184 1809 1250 1849 Ad
1267 1807 1373 1848 Iovis
1390 1806 1546 1846 Homa-

137 1865 243 1919 ςγιίι
263 1865 461 1918 templum
482 1864 662 1906 ἐνταῦθα
682 1867 825 1906 1etulit
843 1868 1081 1920 Amasaeus,
1113 1880 1243 1921 neque
1260 1866 1380 1907 aliter
1396 1863 1546 1918 potuit.

249 1921 290 1976 §-
320 1927 358 1966 2-
414 1918 653 1976 Ὁμαγύριος
681 1924 754 1976 qui
784 1927 842 1989 τῇ
865 1922 1057 1981 ομηγύρει
1088 1925 1276 1981 (Homer.
1305 1923 1424 1963 Iliad.
1450 1923 1545 1973 XX,

113 1981 234 2025 .·142.
245 1979 260 2033 )
288 1994 338 2033 pl
341 1986 456 2019 aeest.
513 1980 604 2019 Hoc
623 1981 777 2020 Homa‹¹
754 1982 861 2035 gyrii
874 1984 1071 2037 templum
1090 1991 1129 2023 et
1143 1982 1250 2022 illud
1267 1980 1485 2022 Aenarium
1505 1981 1545 2018 S.

137 2038 376 2089 Arnmium,
405 2038 456 2077 de
482 2051 562 2091 quo
580 2038 675 2078 vide
695 2039 746 2078 ad
765 2054 849 2094 cap.
871 2044 922 2091 7,
947 2046 984 2084 1.
1013 2042 1121 2081 idem
1145 2041 1312 2092 fuisse,
1322 2036 1547 2090 Tittmanni

137 2096 313 2166 suspicio
336 2102 396 2135 est
415 2096 461 2135 in
480 2096 666 2136 Darstell.
689 2097 761 2137 der
784 2071 932 2150 griech'.
953 2101 1124 2139 Staatsv.
1143 2114 1185 2153 p.
1205 2102 1304 2143 681.
1322 2095 1545 2151 propositaN

98 2163 105 2167 ’
136 2150 198 2196 ότι
230 2151 489 2209 Ἀγαμέμνων
509 2169 546 2194 κ.
564 2168 595 2194 τ.
614 2158 648 2196 λ.
706 2156 764 2194 De
792 2156 916 2195 simili
938 2164 1141 2197 conventu
1161 2156 1394 2210 principum
1417 2152 1545 2194 Grae-

139 2212 224 2251 ciae
253 2212 446 2250 adversus
468 2213 646 2251 Xerxem
668 2227 777 2252 aima
808 2215 998 2253 G1aeciae
1025 2216 1263 2256 inferentem
1289 2213 1447 2253 dixerat
1474 2211 1544 2263 111,

142 2274 218 2320 12,
242 2271 282 2313 5
312 2266 436 2311 τόπον
456 2284 532 2323 pro
554 2266 702 2324 τρόπον
720 2272 844 2324 Mosq.
893 2273 1043 2312 Eadem
1065 2274 1235 2312 istorum
1253 2270 1544 2311 vocabulorum

138 2300 357 2366 corisusio
346 2342 426 2366 iam
442 2333 583 2366 notata
600 2328 657 2378 ΙΙ,
676 2331 718 2378 9,
739 2333 778 2372 7.
807 2330 912 2369 Ante
929 2335 1014 2380 τοῖς
1035 2331 1076 2381 ἐξ
1096 2327 1223 2386 ἀρχῆς
1238 2323 1544 2396 ἀκολουθήσασι

136 2385 266 2437 ne'que
283 2385 456 2435 excidit,
488 2385 599 2437 quod
619 2386 738 2424 F·1eio
762 2387 897 2426 visum
917 2395 996 2439 est,
1026 2403 1159 2442 neque
1174 2387 1417 2440 intelligitur
1440 2380 1539 2426 σύν·

137 2443 302 2482 minime
323 2443 448 2495 igitur
466 2443 631 2495 probaui
655 2450 789 2496 potest
811 2445 986 2497 Clavier,
1023 2447 1091 2499 qui
1116 2443 1241 2500 [συν]
1270 2449 1354 2493 τοῖς
1371 2464 1429 2472 -
1450 2437 1542 2483 οἷκο-

137 2504 256 2542 λσυθ.
276 2501 414 2539 edidit.
444 2500 612 2539 Dativus
628 2501 780 2554 pendet
801 2503 849 2542 ab
871 2500 1074 2557 ἐπόρθησε
1093 2504 1262 2555 horum,
1289 2503 1364 2556 qui
1380 2500 1433 2538 ab
1455 2501 1540 2538 ini-

137 2561 197 2597 tio
229 2560 408 2627 sequuti
422 2560 561 2610 ipsam
580 2566 717 2610 erant,
749 2574 872 2612 opera
898 2570 934 2600 et
957 2576 1087 2601 manzo
1104 2562 1289 2602 vastavit
1307 2560 1445 2600 Ilium.
1499 2557 1541 2595 Si

136 2616 206 2657 καὶ
238 2623 331 2655 aute
359 2611 549 2669 ουδεμιᾶς
575 2615 747 2668 abesset,
789 2619 980 2658 Dativum
1008 2624 1093 2669 τοῖς
1114 2643 1166 2649 -
1191 2616 1383 2661 ἆκολουθ.
1413 2614 1540 2655 verbo

136 2670 389 2726 ἐπελθούσης
403 2674 487 2725 regi
507 2674 752 2726 diceremus,
782 2683 830 2714 ut
852 2677 895 2714 in
912 2678 984 2716 illo
1007 2677 1219 2717 Homerico
1243 2676 1398 2730 ἐπῆλθε
1424 2677 1542 2722 θεοῖς

136 2729 387 2785 ὁμηγερέεσσι
418 2731 533 2770 Ihad.
566 2733 664 2784 XV,
695 2706 763 2777 84⁷.
812 2734 927 2773 Ceres·
958 2732 1173 2788 Παναχαία
1206 2740 1264 2773 est
1301 2733 1386 2772 sine
1417 2730 1541 2770 dubio

135 2791 320 2827 omnium
353 2789 635 2841 Achaeorum,
678 2805 780 2843 quae
814 2792 931 2833 valde
967 2793 1104 2832 diflert
1133 2807 1156 2831 a
1190 2793 1329 2832 Cerere
1364 2788 1542 2829 Acha‘eia

137 2845 310 2887 Siekleri
340 2847 391 2886 ad
415 2847 470 2898 V,
506 2852 554 2899 7,
595 2849 635 2893 4.-
665 2856 893 2892 memorata.
953 2850 1229 2906 comparanda
1262 2856 1323 2901 est
1352 2847 1538 2890 Minerva
