1676 3172
448 254 528 296 AD
564 253 677 298 LIB.
715 253 841 296 VII.
862 249 1015 296 cA'P.
1014 253 1177 297 XXVI
1432 258 1516 302 198

187 353 277 424 nis
295 351 362 414 8
392 369 536 412 Λίθον
562 384 605 412 τε
627 371 791 412 Πεντελ.
810 392 869 400 -
890 386 1018 437 ακρας
1041 374 1177 426 χεῖρας
1197 395 1250 402 -
1242 368 1337 412 ἐπὶ
1355 373 1511 441 πολ-λῆς

109 427 236 481 Hocq-
260 425 312 470 τό
329 425 376 470 δὲ
391 449 452 459 —-
469 423 722 482 φαρμάκοις
760 428 842 467 hoe
866 429 1045 482 positum
1072 444 1150 484 pro
1174 427 1218 471 τὸ
1240 426 1284 470 δὲ
1305 426 1401 471 ἄλλο
1426 425 1515 480 ξόα-

108 500 185 528 νον
203 488 358 542 χρυσοῦ
373 501 416 528 τε
434 485 630 539 ἐπιπολῆς
649 486 731 528 ἐστι
749 485 818 527 καὶ
838 486 1131 541 διηνθισμένον
1148 482 1389 541 φαρμάκοις.
1419 501 1514 527 nam

109 542 402 598 διηνθισμένον
426 558 511 583 non
542 549 642 597 puto
673 558 765 583 cum
796 544 986 584 Genitivo
1015 545 1198 584 construi
1228 544 1315 583 nisi
1335 545 1515 585 interce⁴

108 601 228 642 dente
265 602 562 655 praepositione
597 598 681 643 ὕπο
721 600 786 656 (v.
824 603 947 655 paulo
976 609 1070 656 post
1105 601 1146 656 §.
1173 600 1239 654 4.)
1278 602 1346 642 vel
1374 602 1418 644 ἐκ
1450 602 1514 657 (v.

108 657 296 704 Schneid.
317 661 414 699 Lex.
432 674 490 712 gr.
506 659 549 699 h.
571 657 638 712 v.)
676 658 840 699 nativus
861 660 1019 699 additus
1040 667 1099 699 est
1121 661 1187 711 VI,
1211 663 1276 710 19,
1300 663 1339 702 9
1369 661 1418 711 V,
1446 665 1511 712 11,

110 721 159 768 1,
188 724 236 757 ut
249 717 332 757 hoc·
349 718 454 757 loco.
489 719 613 771 δῆλος
631 739 686 747 --
709 716 730 759 ὅ
751 715 861 766 ναός.
903 718 1072 770 Vulgata
1091 725 1220 769 recte;
1261 718 1388 771 Mosq.
1409 718 1514 757 arti-

110 775 248 816 (mlum
269 774 310 823 ὁ
307 776 468 826 omisit;
498 775 569 814 sed
591 762 741 815 dicit'ur
759 775 986 828 Iphigeniae
1007 777 1164 828 signum
1182 777 1225 815 in
1242 775 1394 814 Dianae
1415 777 1514 816 aede

108 833 287 884 stetisse,
304 834 432 873 unde
451 833 647 887 suspicio,
675 832 784 872 hanc
812 833 950 872 aedem
973 834 1151 888 primum
1170 847 1255 873 non
1275 834 1423 873 Dianae
1440 835 1512 874 sed

107 890 336 944 Iphigeniae
361 892 511 930 factam
539 905 638 942 esse,
669 890 704 930 si
724 904 867 930 verum
894 891 966 942 sit,
996 891 1077 931 hoc
1105 893 1317 945 antiquum
1344 891 1512 931 simula-

108 961 224 988 emim
248 948 477 1002 Iphigeniae
505 962 599 988 esse.
640 948 722 990 ἔστι
747 948 817 990 καὶ
834 944 1080 999 ’Λπόλλωνος
1110 947 1222 1004 ἱερον
1251 950 1369 1001 Vulg.
1413 951 1511 990 Post

107 1005 191 1048 ἔστι
205 1001 333 1060 Mosq.
363 1005 407 1048 δὲ
431 1007 586 1046 inserit.
635 1006 726 1046 Hoc
744 1002 991 1056 ’Λπόλλωνος
1013 1005 1120 1062 ἱερὸν
1150 1008 1228 1046 fuit
1258 1007 1377 1046 etiam
1400 1005 1508 1057 ναός.
1519 1025 1521 1027 ’

107 1064 160 1103 cf.
179 1064 232 1104 ad
249 1063 288 1115 I,
317 1067 390 1115 18,
415 1068 455 1108 6.
481 1064 574 1103 adn.
601 1061 773 1118 γυμνὸς,
803 1064 963 1119 μεγέθει
988 1064 1112 1119 μέγας
1139 1065 1323 1118 Vulgata.
1352 1063 1511 1133 γυμνον

104 1143 164 1153 -
185 1120 284 1177 μέγα
302 1122 490 1163 Clavierii
507 1121 738 1161 coniectura
756 1128 816 1160 est
834 1137 918 1161 non
936 1136 1168 1162 necessal'la.
1190 1120 1294 1172 όςτις
1316 1146 1369 1152 -
1390 1119 1510 1165 ἐθεά-

106 1192 217 1224 σατο.
265 1180 325 1219 De
341 1179 423 1219 hoc
438 1180 625 1220 Herculis
646 1180 759 1232 signo
777 1179 948 1233 Laphais
968 1194 1088 1233 opeie
1107 1181 1389 1230 v.11‚10,1.
1429 1182 1509 1221 Pro

105 1238 270 1290 vulgato
290 1240 498 1290 Λαφαοῦς
523 1237 780 1277 scribendum
805 1238 884 1277 fuit
905 1234 1121 1290 Λαφάους.
1150 1252 1190 1277 v.
1217 1238 1267 1277 ad
1287 1211 1348 1289 li,
1369 1242 1422 1282 21
1435 1269 1446 1290 ,
1468 1242 1509 1283 9.

103 1291 156 1336 ‘cd
171 1302 262 1335 ante
282 1292 452 1362 μάλιστα
465 1295 592 1348 Mosq.
612 1295 759 1334 omisit.
790 1290 1030 1349 ἀνθρώποις
1049 1296 1160 1349 Sylb.
1178 1310 1261 1334 non
1278 1294 1404 1335 vertit*
1417 1310 1511 1336 cum

101 1351 235 1392 Amas.
254 1355 359 1394 viris
376 1358 546 1406 propter
566 1353 681 1402 VHI,
702 1354 751 1403 5,
775 1356 813 1395 8.
847 1356 920 1404 10,
942 1357 982 1396 2.
1011 1357 1087 1403 81,
1109 1357 1149 1398 2-
1177 1357 1253 1404 38,
1277 1355 1316 1398 5·
1345 1354 1418 1393 sed
1432 1355 1510 1393 Ιιο-

82 1405 296 1452 «minibus.
332 1409 460 1480 Mosq.
489 1409 610 1449 habet
638 1407 743 1452 Θεόν
766 1425 842 1464 pro
870 1412 978 1453 Θεοῦ
1005 1417 1046 1451 et
1064 1407 1380 1466 ἔπονομιιζουσι,
1416 1413 1510 1465 quia

103 1467 249 1509 deinde
275 1467 317 1518 ἐς
346 1463 496 1522 ταύτης
518 1489 576 1498 --
601 1469 812 1522 νομίζουσι
841 1468 1030 1508 omittit.
1055 1470 1255 1509 Porsonus
1286 1470 1511 1522 corrigebat

102 1524 293 1575 ἐςίασιν.
312 1525 459 1565 Facius
474 1525 647 1565 malebat
682 1526 842 1580 ῥηταῖς,
871 1526 921 1576 ἐς
930 1524 1031 1567 azia
1045 1540 1107 1568 τε·
1148 1527 1315 1577 frustm,
1358 1528 1510 1567 Pausa-

103 1583 190 1623 nias
206 1576 556 1624 constructionem
575 1582 730 1632 variare
749 1589 875 1634 amat,
906 1590 954 1622 ut
973 1598 1070 1624 mox
1091 1581 1191 1640 τύχῃ
1213 1587 1366 1639 μᾶλλον
1385 1582 1413 1638 ἦ
1429 1583 1512 1627 υπὸ

103 1637 288 1690 κάλλους.
322 1642 380 1680 De
398 1655 440 1680 v.
462 1641 614 1694 οἴκημα
632 1641 811 1692 cf.1‚22,
834 1644 873 1684 6.
903 1642 1089 1681 Fortuna
1111 1656 1203 1680 cum
1219 1657 1286 1680 σοι
1287 1657 1345 1681 nu
1354 1643 1507 1683 Amal-

105 1698 221 1738 theae
236 1698 353 1738 etiam
369 1699 439 1749 IV,
459 1702 528 1742 80.
547 1705 656 1738 extr.
670 1697 802 1740 ἐθέλει
818 1721 877 1728 -
893 1702 1176 1754 κατορθοῦται.
1206 1700 1253 1738 In
1273 1699 1350 1738 hac
1371 1701 1504 1740 inter-

103 1756 328 1810 pretatione
357 1757 528 1796 Creuzer
554 1770 640 1795 non
667 1757 827 1810 putavit
857 1757 1188 1809 acquiescendum
1217 1771 1313 1796 esse.
1352 1772 1392 1798 v.
1423 1759 1507 1798 eius
1564 1762 1568 1767 '

106 1814 284 1867 Symbol.
306 1814 382 1864 IV,
405 1817 502 1858 213.
533 1815 614 1853 Pro
631 1815 796 1866 vulgato
819 1818 973 1868 μοιρῶν
996 1814 1088 1854 dedi
1110 1818 1296 1870 Μοιρῶν.
1324 1815 1507 1856 Fortuna

103 1885 188 1913 una
210 1874 387 1927 Μοιρῶν
406 1878 456 1911 ut
484 1884 609 1925 supra
625 1872 663 1924 1,
697 1875 770 1923 19,
799 1875 854 1915 2.>
881 1872 1015 1911 Venus
1040 1872 1201 1912 Urania.
1238 1873 1420 1926 Heynius
1452 1874 1505 1915 ad
1534 1870 1540 1876 ⁵

99 1929 216 1969 Pind.
245 1929 307 1969 Ο]-
328 1930 387 1980 Χ,
416 1933 483 1973 62.
513 1929 731 1982 proposuit
756 1929 987 1982 opinionem
1005 1943 1067 1968 rex
1088 1931 1306 1969 Pausaniae
1324 1931 1400 1982 IV,
1431 1936 1501 1976 30.
1536 1935 1540 1940 “

101 1993 204 2027 extr.
226 1993 267 2027 et
279 1993 418 2026 nostro
438 1988 530 2027 loco
551 1987 758 2038 haustam,
782 1988 905 2026 fuisse
917 1986 1100 2026 Pindari
1118 1988 1311 2040 hymnam
1331 1991 1375 2027 ἱη
1397 1990 1502 2028 En·-

102 2052 271 2084 tunam:
299 2045 480 2085 nescitur
498 2051 655 2096 tamen,
684 2045 764 2084 hoc
774 2045 939 2084 Pindari
957 2046 1111 2085 dictum
1133 2059 1184 2084 ex
1204 2060 1283 2098 quo
1305 2047 1388 2086 eius
1409 2062 1506 2086 cal-

101 2103 212 2142 mine
229 2103 442 2143 Pausanias
471 2104 662 2142 attuleiit.
711 2103 770 2141 De
796 2101 860 2141 his
888 2099 956 2144 ἶσα
990 2103 1215 2157 (Porsonus
1246 2105 1379 2143 voluit
1410 2103 1503 2158 ἴσα)

90 2159 172 2201 xa).
197 2156 454 2233 ὀδυρόμενος
459 2161 510 2200 cf.
529 2160 580 2199 ad
601 2161 638 2211 I,
659 2163 734 2211 22,
753 2163 792 2203 6.
817 2161 908 2199 adn.
939 2160 1007 2200 καὶ
1010 2165 1217 2231 γυναῖκες.
1229 2184 1287 2190 ——
1308 2163 1396 2203 εἰσι.
1418 2162 1445 2200 i.

101 2218 172 2259 καὶ
195 2222 380 2272 γυναῖκες
408 2218 454 2259 αἱ
474 2222 579 2286 τρεῖς
617 2212 736 2259 ουσαι
762 2215 831 2260 τὸν
868 2214 1044 2272 ἀριθμὸν
1080 2215 1380 2286 α’φαιρούμεναί
1411 2220 1500 2261 εἰσι.

102 2275 189 2315 Ριο
208 2276 386 2327 vulgato
400 2271 547 2327 ψέλλιά
580 2276 782 2318 Porsonus
812 2276 945 2315 voluit
973 2285 1026 2326 ipe
1014 2272 1095 2316 1⁵02
1125 2276 1266 2326 scribi,
1299 2283 1416 2329 atque
1444 2278 1502 2315 ita

104 2332 303 2385 scriptum
322 2339 379 2372 est
396 2333 577 2386 inMosq.
596 2334 647 2372 cf.
667 2332 766 2373 deh.
784 2332 1080 2373 v.Blomfie1dii
1099 2334 1226 2372 Praef.
1247 2334 1297 2372 ad
1314 2334 1503 2404 Aeschyli

103 2391 242 2431 Persas
265 2405 304 2444 p.
325 2391 381 2431 IV
402 2404 460 2443 sq·
493 2389 515 2431 ὁ
546 2388 591 2432 δὲ
616 2391 742 2444 Mosq.
774 2391 920 2430 omisit.
952 2391 1009 2439 εἰς
1029 2386 1180 2432 τοῦτόν
1190 2403 1315 2442 φασιν
1335 2387 1500 2459 Ἀχαιοὶ,

105 2447 323 2519 γενομένου
350 2465 387 2490 κ
411 2464 444 2489 τ.
474 2450 508 2488 λ.
550 2448 742 2500 Vuigata,
783 2449 854 2488 sed
882 2447 1140 2487 scribendum
1165 2449 1244 2487 fuit
1275 2449 1331 2498 εἰς
1356 2445 1502 2491 τοῦτόν

109 2519 257 2559 φασιν,
284 2502 455 2560 Ἀχαιοῖς
470 2505 688 2561 γενομένου
707 2506 1001 2547 n.v.1..1esert
1021 2505 1126 2544 enim
1143 2505 1222 2544 hoc
1239 2506 1332 2545 loco
1349 2507 1502 2548 Pausa-
1522 2531 1525 2538 ι

109 2563 196 2602 nias
212 2577 314 2617 quae
330 2578 414 2604 non
439 2562 614 2612 Achaei,
644 2564 714 2602 sed
733 2563 939 2616 Aegiratae
957 2563 1233 2613 narraverint3
1275 2571 1314 2603 et
1332 2560 1502 2618 Ἀχαιοῖς

111 2621 241 2662 codex
259 2621 379 2661 etiam
397 2622 522 2674 Mosq.
546 2619 718 2660 exhibet.
747 2621 855 2660 idem
875 2627 990 2659 antea
1008 2621 1064 2669 εἰς
1083 2623 1200 2662 τοῦτο
1221 2593 1354 2662 habet.
1375 2622 1502 2662 -Haec

112 2685 244 2718 autem
269 2679 314 2721 ἐν
333 2675 461 2735 τούτῳ
482 2695 537 2735 τῳ
567 2674 756 2732 οἰκήματι
771 2701 830 2709 -
847 2678 916 2719 καὶ
936 2677 979 2720 ἐν
995 2680 1052 2735 τῇ
1075 2674 1200 2719 εἰκόνι
1221 2679 1501 2732 Goldhagenus

109 2735 271 2788 quidem
299 2737 585 2790 interpretatus
616 2742 675 2775 est
708 2736 757 2776 cle
791 2737 972 2789 pictura,
1026 2735 1183 2776 Clavier
1218 2745 1351 2777 autem
1378 2739 1501 2777 Facio

107 2801 325 2847 praeeunte
346 2795 394 2834 de
415 2805 534 2848 opere
553 2794 597 2834 in
616 2793 739 2848 plano
768 2795 923 2835 elevato
958 2792 1243 2848 (bas-relies).
1290 2795 1500 2849 Equidem,

168 2862 228 2902 ad
255 2866 360 2904 Tom.
382 2864 456 2906 III.
1197 2878 1226 2903 n
