1676 3172
138 243 224 290 192
388 268 392 273 -
586 219 1081 289 ADNOT-ArloNsss

133 373 224 400 sum
243 358 377 413 prima
396 359 494 400 urbs
512 359 592 401 suit
613 361 794 413 Pellene,
825 361 1000 401 secunda
1018 361 1179 415 Aegira,
1206 362 1327 404 tertia
1349 360 1477 416 Aegae
1496 361 1542 406 ἓν

132 421 195 476 τῇ
205 415 316 468 τάξει
331 421 413 460 τῶν
427 415 576 461 τόπων.
606 420 684 460 Ριο
701 421 865 473 vulgato
885 420 1064 462 ἐπίνειον
1078 421 1282 476 Αἰγειρων
1300 422 1540 474 Sylburgiue

132 460 312 518 ἐπίνειον
345 478 595 532 Αἰγειρατῶν
634 478 788 529 voluit,
827 484 876 517 ut
902 478 1022 535 initio
1053 477 1186 518 liuius
1211 479 1374 533 capitis,
1417 493 1541 533 quum
1595 494 1599 497 ¹
1673 481 1676 484 ⁴

129 532 230 573 haec
259 535 357 573 uibs
388 535 582 587 singulaii
602 535 804 575 duntaxat
828 550 994 576 numero
1028 537 1268 589 appelletur.
1320 537 1443 586 Quod
1458 537 1539 576 Fa-

130 592 194 630 cio
222 592 439 645 probatum
462 594 619 633 Clavier
654 595 699 633 in
727 600 965 633 contextum
989 594 1154 647 recepit.
1205 595 1284 634 Sed
1315 609 1408 634 ecce
1435 594 1540 634 illud

129 649 328 704 Stephani
345 651 442 704 Byz.
463 665 503 691 v.
529 649 679 701 Φενεός
706 653 756 691 de
779 651 938 691 Pheneo
959 651 1154 691 Aicadiae
1181 653 1299 692 urbe:
1333 652 1436 708 όμορ
1439 656 1479 699 εἰ
1493 652 1540 695 ἐν

127 710 186 764 τῷ
204 724 307 763 προς
328 705 500 777 ἄρκτους
517 711 724 781 Αἰγείροις
743 710 813 751 καὶ
836 711 1100 778 Πελληνίταις
1121 709 1212 765 (leg.
1233 724 1330 750 cum·
1345 711 1539 750 Salmasio

125 750 196 806 καὶ
217 763 429 825 Πελλήνῃ,
460 765 571 821 ταῖς)
600 764 655 808 A
645 784 804 821 χαικαις
819 764 969 810 πόλεσι.
1007 768 1087 807 Hic
1107 768 1222 808 vides
1242 769 1445 808 Pluralem
1464 768 1540 810 Al-

125 825 298 878 γείροις,
329 808 498 865 fortasse
513 827 729 878 legendum
745 826 970 897 Αἰγείραις·
1002 840 1124 878 quare
1143 826 1356 878 vulgatam
1373 839 1539 867 movere

127 888 340 921 cunctatus
359 897 460 923 sum.
492 885 543 923 cf.
562 897 595 922 c.
618 888 699 935 27,
717 886 757 927 4
787 880 942 933 ὁδόςδ’
961 883 1005 927 ἐκ
1024 906 1075 915 -—
1103 881 1191 925 ἅνω
1211 879 1366 926 πόλιν.
1363 883 1485 924 Hoc.
1491 889 1539 924 ut

129 940 395 982 conciliarent
420 956 512 981 cum
529 942 691 994 Polybii
712 943 806 982 loco
825 942 949 995 paulo
968 948 1061 981 ante
1083 942 1268 995 prolato,
1299 941 1370 981 ubi
1389 935 1548 996 septbm·

124 1003 283 1036 tantum
299 1007 511 1052 ponuntur
532 1000 680 1051 stadia,
711 1000 905 1039 dixerunt
922 1014 994 1040 suo
1011 1000 1147 1039 navali
1162 997 1376 1057 (ἐπινείω)
1392 999 1539 1040 urbem

124 1055 311 1107 Aegilam
335 1071 475 1096 velsus
505 1056 721 1098 hibernum
752 1064 824 1097 aut
852 1065 987 1098 ortum
1005 1064 1077 1098 aut
1099 1071 1291 1098 occasum
1314 1042 1539 1100 ειιὶιίθᾱωιι

125 1113 270 1164 fuisse,
297 1128 383 1154 non
399 1122 512 1154 recta
528 1129 669 1156 versus
686 1116 907 1156 meridiem.

237 1145 279 1226 ᾗ,
308 1177 348 1216 2
404 1170 584 1229 Ὁμήρου
605 1196 659 1205 ·-
684 1170 923 1228 ωνόμασται.
968 1174 1035 1214 Sic
1058 1180 1099 1214 et
1125 1173 1354 1228 Stephanus
1371 1174 1470 1229 Byz.
1485 1188 1534 1218 v.

122 1229 294 1285 Αἴγειρα
315 1245 366 1270 ex
386 1231 594 1271 Pausania.
651 1232 817 1272 Homeri
832 1246 973 1272 versus
990 1247 1041 1272 ex
1056 1233 1174 1272 Iliad.
1189 1233 1246 1285 Π,
1268 1235 1366 1277 578.
1393 1239 1537 1302 postea

121 1286 163 1341 §.
184 1292 223 1333 6.
249 1289 429 1329 affertur.
479 1291 633 1330 Forsan
653 1305 729 1360 pro
747 1286 924 1362 Ὁμήρου
948 1291 1026 1330 erit
1052 1291 1124 1344 qui
1143 1291 1222 1343 legi
1237 1291 1340 1331 velit
1357 1287 1534 1358 Ὁμήρῳ.

121 1347 276 1386 Locum
309 1344 355 1389 τό
390 1345 474 1388 δὲ’
461 1346 591 1402 ὄνομα
615 1371 675 1379 -
701 1344 781 1390 ἄπο
810 1364 894 1389 των
925 1349 1053 1403 αι’γων
1083 1348 1312 1402 Stephanus
1336 1349 1434 1402 Byz.
1469 1349 1533 1402 iis,

123 1419 222 1474 quae
241 1419 281 1443 v.
295 1405 465 1459 Αἴγειρα
483 1407 663 1459 prosm-,t
679 1406 738 1444 ita
758 1405 953 1445 intexuit:
987 1406 1228 1455 Παυσανίας
1248 1405 1334 1448 δὲ”
1310 1422 1409 1464 εκτω
1431 1405 1534 1462 (lege

74 1458 85 1463 Χ
120 1458 306 1531 ἑβδόμῳ)
331 1462 458 1518 λέγει,
486 1461 562 1517 τὴν
580 1463 821 1518 Τπηρεσίαν
841 1463 944 1533 (leg.
956 1462 1224 1519 Ὑπερησίαν)
1251 1448 1446 1521 Αἴγειραν
1466 1480 1533 1519 με-

119 1517 389 1574 τωνομασθαι
411 1518 478 1562 διὰ
491 1517 655 1563 τοιανδε
675 1522 823 1563 αἰτίαν.
846 1517 944 1575 (ἢν
943 1517 1116 1592 Όμηρος
1132 1520 1376 1594 Ὑπερησίην
1395 1521 1530 1576 φησί)

120 1579 364 1620 Σικυωνίων
389 1577 555 1633 στρατος
570 1575 794 1633 ἀφίξεσθαι
812 1578 972 1632 ἔμελλεν
991 1575 1142 1628 αὐτοῖς.
1184 1580 1228 1621 οἱ
1248 1577 1293 1621 δὲ
1315 1575 1531 1634 α’θροίζου-

121 1649 186 1678 σιν
210 1633 346 1692 αἷγας,
374 1636 445 1677 καὶ
475 1642 560 1686 τοῖς
591 1636 756 1706 κέρασιν
784 1636 934 1690 ἔδησαν
960 1633 1088 1695 δαδας
1117 1636 1219 1708 (leg.
1247 1635 1426 1707 δᾷδας),
1459 1637 1531 1680 καὶ
1562 1640 1570 1649 '

119 1690 336 1745 ἐξάπτουσι
358 1692 426 1736 διοὶ
448 1698 522 1748 τῆς
540 1691 698 1744 νυκτός.
737 1695 977 1748 νομίσαντες
1000 1697 1079 1737 οὐν
1099 1711 1174 1749 την
1200 1692 1329 1750 φλόγα
1351 1698 1428 1738 τοῦ
1446 1696 1530 1739 ἔπι-

117 1755 315 1808 κουρικοῦ
338 1750 488 1821 πυρός,
518 1752 683 1823 ε’φυγον.
724 1753 768 1794 οἱ
789 1752 1038 1807 Ὑπηρεσιεῖς
1063 1751 1162 1808 (leg
1179 1751 1454 1808 Ὑπερησιεῖς)
1484 1752 1531 1797 δὲ

117 1811 311 1866 Αἴγειραν
327 1808 403 1864 τὴν
421 1807 538 1852 πόλιν
556 1807 784 1864 ω’νόμασαν.
823 1811 873 1850 In
891 1811 1018 1864 Mosq.
1038 1811 1098 1850 ita
1116 1811 1284 1863 legitur:
1314 1816 1400 1861 τοῖς
1415 1811 1529 1855 ’Τπε-

119 1871 288 1923 ρηεῦσιν
309 1866 376 1922 η’λε
377 1871 480 1917 ιιζον
495 1866 606 1910 εἶναι
623 1866 698 1923 τήν
717 1864 847 1923 φλόγα
866 1885 938 1910 και
962 1869 1005 1910 ἐκ
1022 1871 1107 1911 τοῦ.
1145 1869 1243 1910 Mox
1260 1868 1542 1924 ἔπανέρχοντο.

117 1927 246 1980 Mosq.
285 1927 376 1966 Ald.
407 1928 593 1967 Fiancof.
621 1928 694 1967 sed
724 1927 834 1980 Sylb.
869 1927 1059 1967 conexit.
1113 1925 1372 1983 ‘Twcqnosloeg
1395 1929 1525 1982 Mosq.

116 1986 149 2025 F
152 1999 282 2036 acius,
315 1985 386 2038 qui
402 1984 589 2038 μετέθετο
610 1984 784 2024 malebat
804 1999 947 2038 quam,
980 1985 1090 2038 quod
1103 1985 1276 2038 Vulgata
1291 1985 1430 2037 habet,
1461 2001 1527 2055 με-

117 2043 305 2094 τέθεντο,
336 2043 595 2083 vehementer
611 2044 737 2083 falsus
753 2049 826 2082 esi.
855 2057 895 2082 v.
918 2042 970 2081 ad
990 2057 1076 2112 cap.
1101 2047 1174 2093 17,
1194 2047 1232 2087 3.
1256 2044 1347 2082 adn.
1377 2039 1527 2086 καθότι

117 2125 175 2133 -
197 2098 320 2157 ἱερόν.
350 2115 391 2141 v.
415 2100 454 2154 ᾗ.
473 2105 511 2145 4.
533 2108 638 2141 extr.
672 2098 724 2143 ου’
747 2116 828 2154 μην
855 2100 926 2141 καὶ
956 2096 1102 2142 αὐτίκα
1124 2100 1361 2154 ἐξενίκησαν
1381 2118 1524 2143 -κα-

118 2163 279 2201 λεῖσθαι
309 2165 401 2198 ante
429 2160 616 2210 Facium,
650 2159 722 2213 qui
748 2158 952 2212 Sylburgii
981 2159 1252 2197 emendationi
1281 2159 1522 2214 ἐξενίκησεν,

118 2217 227 2270 quod
257 2217 517 2269 singulaiiter
550 2225 669 2271 atque
706 2216 1031 2271 impersonaliter
1058 2217 1157 2270 poni
1187 2218 1310 2267 solet,
1346 2217 1392 2257 in
1420 2232 1524 2258 con-

115 2282 235 2315 textu
257 2275 395 2314 locum
420 2276 544 2316 dedit.
579 2278 629 2315 cf.
656 2276 748 2315 adn.
769 2275 822 2314 ad
843 2289 930 2328 cap.
954 2279 1000 2325 1,
1023 2278 1060 2318 3.
1102 2275 1180 2314 Sed
1194 2281 1399 2329 praeterea
1417 2277 1523 2316 Por-

117 2347 239 2373 sonus
270 2334 450 2373 conexit
476 2350 524 2376 ου
549 2332 632 2388 μήν
659 2333 730 2375 καὶ
755 2329 900 2374 αυτίκα
928 2348 973 2404 γε
1003 2332 1240 2386 ἐξενίκησεν.
1292 2334 1365 2373 Cui
1394 2334 1522 2374 simile

117 2398 196 2442 est,
229 2392 279 2430 ad
301 2392 412 2444 quod
431 2392 501 2431 ille
527 2407 602 2431 nos
616 2391 772 2431 1eiieit:
814 2407 864 2433 ov
886 2388 968 2445 μὴν
995 2390 1066 2432 καὶ
1093 2387 1173 2440 ἐς
1156 2406 1265 2432 απαν
1283 2406 1329 2445 γε
1348 2391 1522 2445 ἐξενίκη-

117 2463 186 2491 σεν
204 2450 311 2500 VIII,
337 2451 375 2499 5,
392 2450 430 2493 5.
461 2451 542 2489 Nos
565 2450 644 2489 hoc
663 2464 707 2489 eo
729 2448 863 2488 minus
884 2449 1155 2488 dubitavimus
1176 2449 1373 2502 recipere,
1395 2462 1520 2503 quum

116 2508 367 2561 Mosquensis
388 2523 430 2549 τε
450 2515 544 2561 post
573 2505 717 2549 αυτίκα
736 2508 906 2558 inserat,
944 2507 989 2545 in
1009 2521 1088 2560 quo
1111 2522 1155 2561 γε
1175 2508 1285 2546 latet.
1327 2507 1521 2562 Αἴγειρας

116 2562 205 2607 οἷντὶ
223 2565 482 2620 ’Τπερησείας
501 2567 628 2619 Mosq.
676 2565 879 2607 Ἑστιαίαν
900 2565 1045 2616 vulg03
1086 2579 1160 2603 nos
1179 2564 1383 2609 Ἑστίαιαν
1411 2564 1519 2604 seri--

114 2624 267 2677 psimus
293 2630 341 2662 ut
359 2639 444 2677 cap.
462 2629 487 2667 7
501 2656 512 2675 ,
533 2629 581 2675 4,
617 2623 689 2663 ubi
702 2638 741 2663 v.
769 2623 860 2662 adn.
899 2623 946 2661 In
967 2623 1095 2675 Mosq.
1118 2629 1178 2661 est
1194 2622 1234 2671 ἐς
1252 2622 1384 2664 αἰτιαν
1411 2629 1450 2662 et
1466 2636 1518 2662 ex

117 2682 368 2721 correctione
395 2683 436 2731 ἐς
451 2684 597 2724 τίαιαν.
647 2683 847 2722 Ηεείἰαεα
867 2681 1099 2733 antiquum,
1130 2681 1254 2720 Oreos
1278 2694 1417 2719 recens
1437 2695 1518 2719 no-

115 2753 208 2778 men
241 2740 417 2778 eiusdem
455 2741 567 2782 urbis
602 2740 844 2784 Euboeicae:
898 2739 1007 2793 quod
1043 2738 1255 2787 confirmat
1284 2738 1426 2779 Strabo
1452 2740 1515 2790 X,
1553 2769 1557 2770 ν

116 2799 213 2844 445.
242 2797 326 2852 <12
345 2796 428 2852 sq.)
