1676 3172
192 256 279 299 286
660 252 1156 294 ADNOTATIONES

189 377 355 421 nuerat‚
386 375 428 410 et
450 366 628 435 [παρα]
635 369 890 424 Παρρασίων
910 370 1072 410 Clavier
1089 371 1267 426 scripsit.
1295 371 1400 412 alius
1422 371 1616 439 copulam

190 429 235 471 δὲ
260 401 516 469 desiderabit
557 423 720 479 Λύκος,
749 425 1065 483 Ὀρεισθωκνεῖς
1087 436 1181 469 ante
1200 429 1390 491 Facium,
1422 432 1496 486 qui
1515 434 1572 484 sy
1560 431 1613 470 ’1-

190 488 324 540 bui-gii
346 486 670 527 emendationem
690 490 992 542 Λυκοσουρεῖς,
1025 490 1207 536 Θωκνεῖς
1225 478 1391 542 recepit.
1440 491 1499 528 De
1521 491 1612 528 ΙΛ-

189 560 342 585 cosura
376 560 464 599 cap.
486 549 616 596 2,1‚
659 551 700 583 et
731 545 782 584 de
818 546 997 584 Τὶοεηία
1028 559 1115 599 cap.
1138 550 1185 596 3,
1222 553 1258 590 1.
1307 543 1612 602 Τραπεζούτιοι,

189 604 417 671 Προσείδα,
456 614 660 650 κακησιον
691 603 819 656 Mosq.
858 600 1217 675 Ἀκοντιμακαρία,
1246 606 1386 647 Δασέα
1413 612 1506 644 ante
1530 604 1612 644 Fa-

189 663 317 714 cium,
349 662 421 716 qui
443 661 651 714 Sylburgii
671 662 995 700 emendationem
1011 659 1242 713 Ἀκόντιον,
1276 665 1500 718 Μακαρία,
1530 666 1614 704 Δα-

187 721 260 762 σέα
282 720 471 761 adscivit.
509 719 737 758 Aeantium
755 720 952 759 Arcadiae
969 735 1019 773 01
1012 720 1169 773 pidum
1190 721 1240 760 de
1258 720 1433 761 Acontio
1451 722 1614 823 [lycao-

184 780 250 819 nis
279 779 366 819 filio
391 778 516 818 habet
551 777 783 846 Stephanus
811 779 909 831 Byz.
960 779 1019 818 De
1050 780 1246 818 Macaria
1277 785 1440 834 cap.3‚
1477 785 1514 823 1.
1565 779 1615 819 In

184 831 563 903 Mosq.'Ar.<'›v·1:t1.toc
595 831 791 890 καριδάσε
821 837 984 888 legitur.
1037 838 1116 877 Pro
1149 827 1290 880 Δασέα
1323 837 1615 890 Goldhagenus

183 896 325 950 posuit
342 896 519 944 Aseam,
556 895 727 934 fortasse
751 895 848 947 quia
867 896 1058 934 Daseam
1078 895 1287 949 superiore
1306 895 1400 940 loco
1431 897 1614 936 colloca-

182 961 312 994 verat.
343 954 622 1007 Κυνουραίων
643 953 780 1005 111130.
821 953 1063 1006 Sylburgius
1080 955 1272 1007 putabat,
1302 954 1454 994 rectius
1474 955 1612 994 forsan
1662 984 1669 997 ,

185 1011 438 1067 Κυνουρέων
458 1025 553 1050 esse.
585 1011 629 1052 οἵ
646 1014 891 1083 Κυνουρεῖς
901 1012 944 1050 in
966 1013 1161 1064 Argolide
1187 1012 1284 1079 (ΙΙΙ,
1304 1016 1352 1063 2,
1374 1011 1439 1066 2.)
1462 1012 1611 1052 viden-

182 1070 253 1110 t'ur
282 1070 353 1110 hio
376 1071 657 1124 Κυνουραίοις
685 1074 772 1118 τοῖς
805 1069 850 1111 ἐν
879 1065 1076 1128 Ἀρκαδία
1109 1072 1274 1124 opponi.
1317 1072 1423 1113 Θίσα
1447 1069 1478 1125 ἦ
1507 1068 1613 1126 προς

181 1134 289 1171 Λυκ.
317 1129 502 1181 Vulgata.
534 1129 663 1169 Θίσοα
685 1134 724 1166 et
745 1142 868 1181 supra
889 1130 1011 1170 Θίσαι
1029 1129 1156 1182 Mosq.
1182 1129 1252 1182 qui
1273 1129 1418 1168 deinde
1433 1128 1465 1182 ἦ
1485 1129 1610 1168 omia-

181 1187 245 1227 tit.
274 1159 422 1227 Paulo0
423 1192 518 1240 post
538 1193 598 1225 est
624 1182 755 1227 Θισόα
778 1193 817 1225 et
837 1184 879 1239 5.
896 1187 935 1230 5.
947 1184 1162 1229 Θεισσόα
1150 1202 1195 1226 m
1217 1188 1400 1240 Vulgata.
1432 1186 1610 1241 Stepha—

180 1260 260 1286 nus
288 1246 386 1299 Byz.
407 1252 599 1284 nostrum
626 1245 767 1283 locum
798 1244 898 1284 citat
921 1244 995 1284 ita:
1042 1247 1211 1296 Θείσοα,
1242 1242 1362 1295 πόλις
1381 1241 1608 1301 Ἀρκαδίας.

181 1305 427 1352 Παυσανίας
444 1299 588 1360 ὀγδόῳ.
629 1304 661 1341 Ε
685 1302 892 1356 Stephano
915 1309 955 1342 et
973 1317 1023 1342 ex
1046 1304 1272 1343 Pausania
1260 1317 1350 1358 ipso
1374 1317 1461 1374 cap.
1478 1307 1598 1355 28,2
1600 1333 1611 1342 .

179 1368 219 1408 3
251 1366 327 1413 38,
351 1365 392 1406 7
421 1363 498 1412 47,
520 1365 560 1404 2.
597 1361 748 1402 Θείσοα
770 1361 937 1414 sciipsi,
972 1362 1132 1401 Clavie1
1150 1362 1263 1401 dedit
1286 1358 1429 1404 Θισόα.
1469 1362 1550 1402 Sed
1570 1368 1612 1401 et

177 1417 328 1462 Λυκοα
347 1420 556 1473 reperitur
579 1419 690 1471 apud
715 1418 979 1472 Stephanum.
1010 1421 1122 1458 Duae
1144 1426 1299 1470 autem,
1333 1405 1447 1473 quod
1461 1419 1611 1460 Pacius

177 1479 260 1519 iam
291 1478 521 1532 suspicatus
555 1483 635 1527 est,
666 1476 787 1516 urbes
813 1476 936 1515 huius
967 1477 1146 1516 nominis
1177 1476 1374 1516 videntur
1403 1477 1528 1517 fuisse
1562 1477 1609 1516 in

176 1537 371 1588 Arcadia,
397 1537 531 1575 altera
547 1533 646 1587 πρὸς
657 1535 855 1606 Λυκαίῳ,
876 1535 1002 1574 altera
1020 1535 1062 1584 ἐς
1082 1531 1326 1589 Ὀρχομενον
1345 1539 1608 1588 συντελοῦσα,

177 1610 250 1635 seu
266 1601 314 1635 ut
337 1600 398 1634 est
427 1592 468 1647 §-
486 1595 533 1644 5,
563 1592 595 1647 ἦ
615 1590 720 1647 πρὸς
748 1595 807 1650 τῷ
831 1588 1074 1650 Ὀρχομενῷ.
1128 1593 1280 1633 Eadem
1301 1592 1404 1632 haec
1425 1597 1607 1648 (131128,

176 1659 227 1704 2,
259 1657 300 1697 3.
338 1651 575 1706 Methydrio
612 1657 652 1690 et
685 1636 836 1690 Teuthi
863 1651 1003 1691 vicina
1034 1636 1436 1693 dicitur.Avxo'w1.
1465 1651 1606 1704 vulgo,

176 1712 328 1766 scripsi
347 1713 577 1753 Λυκοᾶται.
605 1709 702 1748 vide
722 1709 775 1748 ad
798 1720 887 1763 cap.
909 1713 958 1760 3,
986 1713 1023 1754 1.
1043 1710 1135 1750 adn.
1176 1709 1337 1749 Clavier
1357 1713 1608 1762 Λυκαιᾶται,

176 1771 351 1826 Sylbmt,
332 1783 418 1809 ‹nus
445 1773 689 1824 potestatem
723 1768 891 1807 dederat
914 1768 1085 1822 optandi
1111 1773 1254 1808 utrum
1273 1766 1412 1810 velles.
1456 1769 1608 1818 Τευθίς

174 1829 319 1882 vulgo,
346 1828 423 1868 sed
446 1826 736 1878 corrigendum
756 1827 836 1865 fuit
864 1829 1018 1876 Τεῦθις
1042 1832 1083 1866 et
1108 1824 1149 1879 5.
1167 1829 1206 1871 5.
1235 1828 1404 1868 Τευθιν.
1435 1826 1532 1866 vide
1553 1827 1608 1867 ad

175 1885 215 1940 5
229 1889 268 1931 5
290 1893 332 1926 et
354 1887 407 1926 ad
430 1900 518 1939 cap-
540 1889 611 1934 28,
632 1890 672 1929 3.
709 1884 861 1934 Τευθὶς
889 1891 948 1924 est
966 1885 1286 1935 substantivum,
1327 1885 1470 1938 loligo
1502 1884 1612 1926 adde

174 1946 349 1986 Phavor.
385 1946 574 1998 Τρίπολις
594 1939 874 1997 ὀνομαζομένη
903 1941 1162 1997 „Tripolitza
1184 1942 1279 1994 hat,
1308 1943 1388 1982 wie
1409 1943 1473 1982 die
1491 1942 1606 1983 Neu-

174 2003 368 2056 griechen
397 2003 587 2055 glauben,
630 2001 769 2040 seinen
791 2002 946 2040 Namen
975 2015 1059 2040 von
1091 2002 1194 2054 drey
1215 2001 1325 2040 alten
1346 2001 1572 2044 Sta'edten'
1559 2014 1605 2041 m

174 2063 302 2102 deren
322 2060 645 2102 Nachbarschast
663 2059 867 2110 er,halten
891 2074 975 2098 von
987 2061 1134 2111 Tegea,
1160 2054 1367 2098 Mantinea
1382 2059 1471 2108 und
1491 2060 1606 2099 Mae-

174 2120 315 2171 nalos,
359 2133 431 2158 aus
466 2120 592 2158 deren
621 2118 783 2157 Ruinen
811 2118 1008 2168 dieselbe,
1048 2118 1130 2156 wie
1164 2117 1221 2156 sie
1255 2116 1345 2156 sich
1380 2111 1601 2170 einbilden,

176 2179 322 2218 erbaut
348 2191 430 2231 sey.
472 2177 550 2229 [cf.
581 2177 635 2215 ad
663 2190 751 2229 cap.
773 2179 820 2228 8,
843 2175 908 2228 3.]
956 2175 1092 2214 Allein
1123 2172 1470 2215 wahrscheinliel'l
1493 2175 1604 2215 steht

175 2237 234 2276 sie
262 2237 336 2276 auf
357 2236 431 2275 der
451 2236 576 2274 Stella
598 2249 682 2274 von
712 2234 904 2286 Tripolis.
957 2233 1134 2288 Tripolis
1164 2234 1279 2286 liegt·
1296 2248 1365 2276 am
1382 2233 1601 2276 siidlichen

173 2295 300 2334 Fusse
323 2295 392 2334 des
411 2293 649 2333 Mainalion.
700 2293 841 2331 Dieser
860 2292 965 2343 Berg
991 2291 1183 2344 begrenzt
1205 2291 1271 2331 die
1292 2293 1507 2332 Westseite
1529 2293 1603 2332 der

171 2353 311 2393 Ebene
337 2366 421 2392 von
440 2350 645 2391 Mantinea
673 2350 763 2389 und
783 2348 1082 2401 Orchomenos,
1112 2350 1199 2389 und
1226 2348 1364 2389 macht
1383 2351 1502 2390 einen
1523 2350 1600 2389 Di-

174 2411 298 2450 strict
323 2425 409 2450 von
441 2410 534 2449 dem
554 2409 693 2448 Lande
723 2423 816 2458 aus,
850 2407 920 2447 das
948 2421 1025 2447 vor
1045 2409 1179 2447 Alteis
1198 2409 1417 2448 Maenalia
1446 2408 1564 2448 hiess.
1574 2410 1602 2431 “

171 2468 377 2510 D'odwell.
398 2469 443 2507 T
464 2466 516 2507 ΙῙ
534 2482 575 2521 p
599 2470 698 2511 300
723 2467 846 2506 Sickl.
877 2464 1006 2505 Huius
1036 2462 1262 2534 Τριπόλεως
1277 2478 1378 2537 pars
1395 2467 1475 2506 fuit
1495 2463 1602 2507 Καλ-

171 2528 243 2568 λία
260 2533 364 2566 teste
387 2524 594 2579 Stephano
616 2526 735 2578 Byza
777 2524 976 2574 Καλλίαι,
1006 2521 1125 2574 πόλις
1148 2525 1223 2577 μία
1244 2527 1318 2578 τῆς
1344 2524 1389 2567 ἐν
1408 2520 1602 2581 Ἀρκαδία

177 2581 418 2640 Τριπόλεως.
460 2583 671 2623 Berkelius
696 2590 735 2622 et
751 2581 1004 2621 Dodwellius
1027 2597 1061 2623 c.
1082 2583 1111 2622 1.
1141 2582 1340 2623 videntur
1362 2595 1496 2622 errare
1514 2594 1597 2635 pu-

172 2649 328 2693 tantes,
371 2641 562 2696 Tripolin
593 2641 715 2681 etiam
746 2640 915 2679 Calliam
949 2653 1019 2679 seu
1052 2640 1214 2679 Callias
1230 2641 1476 2694 appellatam
1500 2653 1598 2680 esse.

172 2674 363 2741 Kuhniiis
397 2706 510 2740 recte
539 2706 638 2753 post
659 2695 935 2752 ὀνομαζομένη
965 2698 1155 2737 distinxit
1178 2712 1202 2736 a
1224 2698 1442 2751 Sylbul‘gio
1459 2699 1599 2738 moni-

174 2766 249 2798 tus
264 2758 543 2808 existimante,
575 2758 635 2797 sie
658 2757 806 2796 elarius
829 2761 1023 2810 appareie
1039 2762 1129 2796 tres
1139 2755 1264 2796 huius
1282 2753 1504 2812 τριπόλεως
1521 2769 1598 2795 111·-

173 2817 258 2859 bes.
287 2816 399 2859 Haec
420 2816 519 2859 urbs
537 2813 578 2870 ᾗ·
595 2816 634 2861 52
654 2820 828 2858 vocatur
845 2815 1051 2867 Καλλιαί,
1073 2815 1146 2856 sed
1161 2814 1253 2855 ideo
1275 2827 1382 2869 opus
1399 2825 1486 2855 non
1510 2820 1599 2855 erat
