1676 3172
136 253 226 296 520
597 247 1108 292 ADNOTATIONES

138 369 214 423 qui
232 366 381 408 deinde
412 363 521 409 ἔστιν
541 363 586 408 ἓν
605 379 684 420 pro
705 363 816 407 ἐστιν
832 363 865 437 ἤ
882 363 1019 406 habet.
1056 364 1170 406 Haec
1196 351 1371 407 :md-wa
1390 366 1436 406 in
1454 355 1572 405 Parss

135 427 286 467 rlzasia
306 426 474 466 videtur
493 437 578 464 esse
605 423 637 478 ἦ
654 421 755 479 πρὸς
768 426 829 482 τῷ
856 426 1086 482 Ορχομενῷ.
1115 424 1213 464 vide
1235 439 1324 479 cap.
1346 427 1426 476 27,
1447 424 1488 468 5·
1504 424 1584 476 ‘ex'

136 500 221 539 quo
238 486 332 525 loco
359 484 473 523 istud
493 483 616 522 etiam
634 479 684 524 τοὶ
709 481 754 524 δὲ
773 477 842 524 ἐπ’
866 481 971 535 ἐμοῦ
986 505 1046 513 -
1066 479 1186 537 κώμη
1210 496 1325 522 suam
1343 481 1480 522 lucem
1499 489 1579 521 ac:

136 544 250 598 cipit.
283 544 341 582 De
363 541 523 596 duplici
542 541 716 581 Theisoa
738 540 994 594 propositam
1015 541 1252 595 opinionem
1270 539 1387 583 vides
1404 539 1458 580 ad
1481 553 1572 593 cap.

133 605 218 653 27,
248 605 288 646 3.
320 615 402 654 quo
423 601 516 640 loco
541 606 676 639 tamen
703 599 941 638 Parrhasiae
968 599 1175 639 accenseri
1194 598 1369 638 Theisoa
1388 610 1479 638 non
1502 597 1575 637 vi-

135 660 272 700 detur.
312 662 387 713 τῆς
410 658 549 708 Νέδας
568 680 628 689 --
652 656 804 711 ἔσχηκε.
852 657 943 697 Hoc
974 658 1224 712 amplificare
1256 657 1415 697 studuit
1443 655 1574 695 calli-

134 717 306 758 machus
334 716 376 756 h.
404 716 451 756 in
479 716 565 757 Iov.
590 719 646 761 37
670 729 757 768 sqq.
796 716 855 755 De
876 717 1067 769 Hagnas
1083 718 1211 768 fonte
1234 714 1391 766 Gellius
1410 714 1456 754 in
1477 713 1574 754 ltin.

137 778 186 837 of
202 776 274 816 the
291 776 395 815 Mor.
417 790 460 829 p.
483 778 579 819 106.
618 773 779 825 „reach
800 772 872 814 the
903 774 1073 814 summit
1103 774 1150 814 of
1166 774 1228 814 Mt
1248 773 1455 824 Diosorte,
1484 771 1576 822 lea·

135 835 271 933 ἶῖἶίἒέ
275 833 686 932 ἵέζὲῗηψῧῖιιῗὲἓῗξ
687 830 1471 939 {2211Eshssriihtiff'et{aisfffiifflno
1484 829 1577 928 ⁸⁸*ss

434 907 444 943 ;
968 907 985 931 s
1111 906 1132 930 a
1369 904 1388 928 a
1525 903 1549 928 o

135 952 209 991 the
236 965 379 991 source
407 951 455 990 of
475 949 547 989 the
576 950 700 990 Neda.
711 950 739 972 “
778 949 850 989 sed
881 905 938 989 ἓξ
966 949 1117 989 calidis·
1140 947 1263 988 huius
1297 902 1576 1000 fontigsnazluis

137 1010 246 1050 nihil
268 1010 380 1063 apud
399 1008 652 1048 Pausaniam.
668 1003 876 1058 ’καθύσας
895 1022 975 1062 pro
998 1007 1069 1049 καὶ
1090 1003 1230 1056 θύσας
1251 1006 1382 1060 Mosq.
1423 1005 1482 1045 Ut
1504 1004 1576 1045 hic
1596 1033 1602 1035 a

139 1069 202 1108 sic
223 1075 263 1108 et
281 1069 299 1107 I
311 1099 322 1120 ,
344 1071 422 1118 34,
444 1071 484 1111 3.
515 1062 642 1107 θύειν
662 1066 704 1117 ἐς
725 1062 877 1121 πηγήν.
926 1066 1052 1120 Apud
1072 1066 1331 1106 Herodotum
1358 1066 1579 1119 καλλιερεῖ-

140 1132 264 1178 σθαι,
297 1122 580 1181 φαρμακεύειν
602 1124 643 1174 ἐς
665 1122 737 1168 τόν
765 1120 949 1179 ποταμόν
968 1124 1063 1176 VII,
1090 1125 1186 1168 114.
1217 1123 1417 1176 ἐπιπολῆς
1439 1123 1504 1160 ita
1530 1127 1579 1159 ut

140 1188 187 1225 in
207 1185 521 1236 summafontis
541 1197 657 1236 aqua
675 1191 860 1234 maneat,
892 1197 1104 1222 summam
1127 1196 1286 1236 aquam
1304 1182 1468 1234 tangat.
1518 1179 1581 1218 De

139 1243 205 1284 his
226 1244 424 1297 ἐπιπολῆς
442 1241 512 1283 καὶ
534 1237 611 1283 ov'n
632 1241 674 1290 ἐς
693 1237 830 1296 βάθος
850 1241 895 1280 cf
910 1241 962 1281 ad
977 1240 1018 1295 5.
1033 1245 1070 1284 1.
1102 1242 1182 1281 Pro
1202 1241 1345 1282 καθίει
1363 1243 1581 1292 exspecta·-

139 1302 234 1343 bam
250 1303 437 1354 καθίησι.
470 1300 683 1339 Caeterum
701 1299 872 1339 Kuhnio
891 1299 1114 1340 videbatur
1134 1299 1219 1338 huc
1236 1298 1442 1352 pertinere
1460 1295 1583 1350 Iupi-
1600 1343 1603 1347 ,
1662 1306 1666 1311 ·

138 1367 206 1400 ter
222 1360 376 1400 Elicius
388 1389 399 1410 ,
433 1358 483 1397 de
501 1372 579 1411 quo
599 1359 742 1396 Festus
762 1358 807 1396 in
825 1358 1097 1410 aquaelicium
1118 1364 1158 1397 et
1170 1356 1372 1396 Manalem
1386 1353 1583 1408 lapidem.

141 1419 314 1458 Tertull.
347 1416 521 1470 Apolog.
555 1430 589 1454 e.
617 1418 688 1459 40.
725 1410 1054 1468 ἀνακινηθέντος
1079 1431 1117 1457 κ.
1138 1430 1171 1455 τ.
1197 1417 1231 1455 λ.
1284 1414 1335 1452 In
1362 1411 1585 1465 Pyrenaeis.

140 1477 349 1518 montibus
369 1475 415 1515 in
436 1474 613 1528 quodam
631 1474 728 1512 lacu
745 1487 831 1513 non
850 1487 997 1526 magno
1012 1473 1123 1512 idem
1141 1472 1232 1512 fieri
1252 1477 1293 1510 et
1310 1469 1458 1521 hodie,
1479 1467 1584 1509 nar-

139 1542 208 1577 :rat
225 1533 462 1578 Palmerius.
494 1530 644 1574 ὄὲνυσιν
662 1545 740 1585 pro
762 1529 920 1572 ἄνεισιν
942 1531 1073 1583 Mosq.
1100 1526 1292 1586 ’Λρκᾶσιν
1313 1529 1436 1568 idem.

260 1591 301 1647 ς.
335 1595 376 1637 4.
433 1586 719 1645 Ἱππόδρομος·
751 1589 798 1628 Si
818 1589 1069 1628 descendens
1090 1603 1114 1626 a
1139 1586 1306 1627 summis
1326 1585 1478 1639 Lycaei
1499 1584 1583 1626 oris

141 1666 284 1694 versus
305 1651 504 1691 orientem
558 1647 754 1688 errexeris
767 1678 778 1698 ‚
808 1653 905 1701 post
931 1647 1099 1687 tertiam
1116 1645 1244 1686 horae
1262 1651 1424 1700 partem
1458 1644 1541 1696 „in
1559 1658 1584 1683 a

141 1712 254 1752 little
275 1710 389 1764 plain
416 1703 484 1748 are
505 1713 523 1746 t
539 1721 576 1746 ie
604 1707 722 1746 ruins
746 1706 794 1745 of
809 1720 833 1744 a
857 1705 1153 1759 hippodrome3
1198 1710 1240 1743 at
1261 1718 1338 1744 one
1361 1701 1585 1755 extremity

145 1772 195 1810 of
210 1768 351 1809 which
370 1768 406 1807 is
426 1781 478 1806 an
494 1765 636 1806 edifice
656 1765 875 1818 composed
892 1765 939 1803 of
949 1770 1035 1803 two
1059 1770 1165 1803 sorts
1191 1763 1240 1801 of
1257 1775 1472 1815 masonry‚
1486 1767 1488 1769 ’
1502 1774 1586 1815 po-

143 1828 314 1883 lygonal
337 1826 419 1866 and
435 1824 681 1865 horizontal.
724 1823 791 1863 On
811 1822 882 1862 the
904 1822 1015 1862 bank
1033 1821 1176 1861 which
1193 1821 1318 1861 forms
1335 1819 1408 1859 the
1427 1819 1583 1874 hippo-

146 1888 291 1927 drome
319 1898 388 1924 are
412 1897 522 1923 some
550 1890 667 1922 stone
694 1882 916 1921 columns“
947 1881 1075 1920 Gell’s
1099 1880 1191 1919 ltin.
1215 1879 1263 1918 of
1287 1878 1359 1919 the
1379 1878 1519 1918 Morea
1540 1891 1583 1931 p.

148 1949 248 1991 108.
288 1943 491 1986 Λυκαίων
518 1939 593 1983 τόν
620 1936 782 1996 ἀγῶνα,
801 1940 863 1990 yde
887 1953 968 1992 quo
996 1939 1048 1978 cf.
1079 1952 1169 1992 cap.
1192 1941 1242 1988 2,
1269 1941 1308 1981 1.
1348 1935 1585 1990 Xenophon

149 2005 199 2044 ab
216 2002 445 2044 Arcadibus
469 2000 590 2039 etiam
612 2005 729 2038 extra
751 1999 925 2052 patriam
954 1997 1000 2036 in
1023 1997 1123 2049 Cyri
1145 1995 1332 2036 exercitu
1354 2001 1494 2034 actum
1513 2007 1586 2034 re-

147 2065 231 2105 sert
249 2061 378 2101 Anab.
400 2060 443 2111 Ι,
477 2062 526 2110 2,
561 2061 627 2101 10.
666 2051 806 2112 ἀγῶνα
826 2059 968 2098 ταῦθα
990 2055 1097 2105 Ald„
1116 2054 1292 2124 {leyelov
1322 2051 1367 2095 δὲ
1400 2051 1470 2095 ἐπὶ
1499 2053 1587 2093 τῶν
1652 2089 1664 2104 Ι,

149 2117 328 2177 βάθρων
359 2111 656 2165 Ἀσὲυᾶνακτὸς
684 2124 814 2168 φασιν
850 2112 959 2156 εἶναι
983 2111 1062 2167 τήν
1098 2114 1241 2155 εἰκονα
1269 2111 1363 2152 Ald.
1393 2110 1585 2151 Francos.

150 2177 363 2233 Sylburgii
390 2175 687 2216 correctionem
708 2185 812 2227 φησι
832 2173 958 2213 tacite
988 2171 1147 2225 recepit
1162 2165 1375 2220 Kuhnius3
1416 2169 1588 2209 eandem

145 2238 372 2277 <confirmat
399 2235 526 2287 Mosq.
580 2232 741 2272 Clavier
773 2238 868 2286 post
901 2227 1080 2286 βάθρων
1111 2228 1286 2275 inseruit
1321 2227 1385 2270 ἑνί
1412 2243 1435 2268 e
1467 2226 1587 2267 codd.

151 2300 281 2342 1410.
309 2298 436 2338 1411.
470 2306 544 2332 cur
572 2305 660 2330 non
687 2287 800 2341 ἑνός,
832 2289 943 2343 quod
966 2287 1182 2337 Pausanias
1210 2288 1298 2341 ipse
1328 2300 1416 2345 cap.
1440 2290 1518 2337 30,
1547 2289 1588 2329 2.

149 2353 376 2410 posuerat‘?
418 2351 493 2391 ubi
518 2356 578 2389 est
606 2349 780 2404 ἐλεγεῖον
802 2348 870 2390 ἐπὶ
890 2345 983 2396 ἑνός
1002 2344 1282 2403 γεγραμμένον
1302 2348 1390 2387 ταῖν
1414 2340 1590 2399 βάθρων

151 2408 399 2464 Διοφάνους
421 2409 551 2463 φησὶν
575 2404 680 2449 εἶναι
700 2404 776 2461 τήν
798 2402 946 2449 εἰκόνα.
993 2405 1074 2445 Hic
1093 2406 1293 2457 loquutus
1317 2410 1379 2443 est
1401 2409 1450 2442 ut
1470 2414 1591 2455 saepe

149 2472 201 2511 fit
222 2472 268 2510 in
284 2470 372 2510 vita
394 2466 618 2507 communi:
652 2467 736 2504 eine
752 2465 955 2516 Insclzrfi
973 2465 1063 2515 aas
1072 2462 1148 2501 den
1159 2462 1462 2516 Fussgestellen
1479 2466 1589 2513 sagt.

149 2527 222 2571 τὸν
245 2527 289 2571 δὲ
307 2522 587 2570 Ἀστυάνακτα
607 2521 713 2566 εἶναι
731 2522 850 2578 γένος
870 2526 954 2564 τῶν
973 2518 1056 2563 dno*
1072 2517 1270 2575 Ἀρκάδος
1291 2519 1477 2572 Vulgata.
1499 2514 1590 2573 ’Λρ-

150 2585 294 2630 κάδων
317 2587 447 2638 Mosq.
480 2583 561 2622 Sed
582 2582 701 2638 γένος
720 2582 888 2622 videtur
912 2581 957 2619 in
978 2580 1125 2636 γένους
1146 2577 1389 2618 mutandum
1411 2590 1510 2616 esse.

268 2643 309 2698 ᾗ.
341 2644 381 2688 5.
441 2646 631 2684 Λυκαῖον
650 2640 742 2680 ΑΜ.
760 2640 951 2694 ¹Francof.
977 2638 1049 2678 sed
1067 2637 1179 2690 Sylb.
1200 2636 1393 2676 correxit.
1422 2635 1514 2675 Hoc
1530 2631 1591 2675 τέ-

152 2720 278 2760 μενος
302 2701 498 2744 Λυκαίου
531 2697 629 2748 Διὸς
656 2699 702 2738 in
730 2705 870 2738 monte
900 2699 1063 2749 lycaeo
1096 2695 1262 2735 videtur
1292 2708 1316 2733 a
1335 2694 1507 2735 Platone
1536 2692 1590 2731 de

149 2762 318 2817 frepubl.
336 2760 442 2801 VIII.
474 2774 515 2813 P·
538 2762 637 2803 228.
669 2755 823 2811 (565.)
855 2753 900 2798 τὸ
929 2756 973 2797 ἐν
993 2750 1185 2809 Ἀρκαδίᾳ
1217 2750 1262 2794 τὸ
1286 2756 1364 2795 τοῦ
1390 2750 1487 2801 Διὸς
1511 2754 1590 2792 τοῦ

155 2820 347 2866 Λυκαίου
379 2815 489 2876 ἱερὸν
517 2816 614 2870 dici.
673 2815 799 2866 Quod
830 2814 939 2857 enim
963 2819 1068 2857 teste
1091 2811 1293 2854 Pausania
1325 2826 1414 2867 cap.
1435 2813 1513 2862 30,
1546 2813 1588 2853 2.
