1676 3172
167 248 254 313 212
474 236 491 273 -’
584 233 1181 283 --ADNOTATIONE'S-

168 360 271 405 '2824
314 358 428 399 adde
446 352 671 399 Pindarum
705 358 816 414 apud
846 359 978 399 Serv-ss·
996 356 1049 398 aa
1068 357 1128 410 I·,¹
1150 359 1216 403 14.·
1242 351 1599 412 'ApolloniumRIL

168 421 256 465 52'0
269 433 353 471 sqq.
385 425 426 458 et
447 418 611 457 Miilleri
636 417 828 458 Orch'om.
850 433 891 472 p.
913 420 1011 462 348.
1052 416 1193 466 Quum
1214 429 1316 456 vero
1335 423 1375 455 et
1395 414 1475 455 ista
1497 424 1601 455 con—

168 478 326 520 iectura
359 490 492 530 neque
526 476 572 515 in
605 476 724 515 codd.
747 477 858 515 MSS.
890 489 1024 528 neque
1060 475 1103 514 in
1125 476 1215 514 ullo
1241 481 1380 515 vetere
1401 469 1604 528 scfiptcre

167 536 267 577 satis
289 536 455 575 firmum
477 535 623 573 habeat
644 534 918 588 praesidium»,
943 540 983 573 et
996 533 1199 573 Aristaeus
1221 533 1346 573 variis
1369 532 1602 587 appellenis

167 594 399 648 reperiatur
421 593 657 632 nominibus
683 593 747 648 (v.
769 593 959 647 Apollon.
983 592 1042 642 II,
1068 589 1195 645 507.)
1226 593 1435 644 vulgatam
1453 590 1605 633 lectio-

170 667 265 694 nem
297 658 457 692 mutare
490 666 575 690 non
607 651 810 702 sustinui3
862 650 953 690 fieri
985 650 1105 689 etiam
1138 650 1275 703 potuit
1303 655 1354 689 ut
1384 648 1604 694 Pausanias

171 712 297 762 alius,
326 725 411 750 non
435 709 609 748 Aristaei
640 724 809 760 nomen,
842 715 883 749 et
911 709 1083 748 fortasse
1113 708 1171 747 ita
1197 707 1410 747 scriberet:
1452 704 1606 762 μαθών

171 766 284 823 παροῖ
310 764 473 823 Δρυάδι
495 782 567 807 scu
579 765 742 823 Δρυοὶσι
762 767 883 821 apud
896 766 1113 819 Dryadem
1135 779 1206 806 seu
1230 764 1446 818 Dryades,
1478 773 1607 819 quum

174 828 376 881 Dryadem
400 826 444 865 in
464 826 726 865 matrimonio
757 825 944 866 habuisse
964 825 1090 864 Arcas
1113 824 1278 864 dicatur
1297 821 1392 877 §.2
1423 819 1606 877 Νύμφᾶι

175 882 293 940 φάρε’
313 884 568 937 ὗφαίνουσαι
592 891 713 923 notae
735 891 831 924 sunt
854 899 905 924 ex
926 884 1045 923 Hom.
1059 883 1137 922 Od.
1149 882 1258 933 XIII,
1285 885 1381 926 108.
1409 881 1607 921 Aristum

175 958 337 998 quoque
362 942 602 996 Sylburgius
633 957 654 982 e
689 957 776 996 cap.
800 945 857 987 24
867 974 877 994 ,
912 947 946 986 1.
986 942 1165 996 profert:
1214 939 1289 980 sed
1322 939 1506 994 Nyctimi
1534 938 1608 979 ille

174 1016 405 1058 pronePOS,
437 1001 562 1040 Arcas
590 1007 726 1040 autem
748 1001 859 1041 filius
882 1000 974 1040 fuit.

291 1060 331 1114 §.
362 1064 402 1103 2.
435 1055 630 1114 Δρυάδας
651 1057 728 1114 γάρ
752 1057 804 1113 δή
826 1058 896 1100 καὶ
913 1053 1213 1113 Ἐπιμηλιάδας
1239 1053 1312 1106 τοὶς
1335 1053 1494 1097 ἕαυτῶν
1517 1050 1609 1097 lxvi-

174 1121 277 1162 λουν
301 1118 465 1167 Ναΐδας
485 1117 670 1169 Vulgata.
710 1118 877 1170 Bergler
909 1132 931 1157 a
962 1116 1235 1157 Valckenario
1267 1113 1457 1154 laudatus
1487 1119 1608 1154 acute
1648 1109 1653 1115 ’

175 1177 305 1228 vidit,
336 1177 445 1215 inter
477 1171 653 1218 ἐκάλουν
675 1183 716 1215 et
740 1177 901 1225 Ναΐδας
933 1175 1137 1216 excidisse
1168 1174 1252 1215 καί.
1290 1187 1367 1212 nos
1401 1171 1609 1212 stellulam

177 1234 437 1275 inseruimus.
480 1235 612 1272 Locus
638 1234 745 1273 enim
770 1241 912 1274 nostro
935 1233 1077 1273 similis
1101 1239 1162 1272 est
1180 1232 1227 1271 in
1240 1230 1481 1284 Alciphron.
1504 1230 1609 1284 Epp.

177 1294 253 1346 ΠΙ,
281 1298 355 1343 11,
390 1292 463 1331 ubi
491 1305 665 1345 querens
700 1293 750 1332 de
783 1293 935 1346 puella⁴
954 1293 1096 1331 urbem
1117 1305 1231 1330 nunc
1261 1294 1423 1328 amante
1445 1288 1611 1328 scribit-z

176 1349 250 1406 ’ὅλη
275 1349 314 1394 εἴ
332 1354 406 1392 τοῦ
435 1348 596 1399 ἄστεος,
618 1346 823 1404 Νύμφαις
845 1346 1133 1403 ἄπεχθομένη,
1158 1346 1207 1397 ἃς
1231 1344 1500 1401 Ἑπιμηλίὸας
1521 1340 1613 1388 ἐκά-

179 1414 280 1461 λεις,
311 1409 381 1450 καὶ
402 1404 617 1464 Δρυάδας,
648 1408 719 1449 καὶ
737 1409 909 1457 Ναΐδας.
945 1408 1013 1446 ubi
1032 1407 1199 1458 Bergler
1216 1405 1401 1444 excitans
1422 1409 1612 1444 nostrum

163 1469 294 1521 *hunc
314 1468 456 1507 locum
479 1467 581 1505 aitz·
602 1466 757 1516 „Addo
780 1466 850 1505 hic
884 1465 1016 1520 (inter
1042 1461 1218 1507 ἐκάλουν
1246 1469 1287 1502 et
1308 1460 1497 1516 Ναΐδας)
1528 1461 1613 1514 καὶ,

180 1527 294 1580 quod
317 1527 492 1565 eiectum
527 1524 694 1563 videtur
719 1539 743 1562 a
766 1524 894 1563 sciolo
918 1524 1079 1576 aliquo,
1112 1522 1186 1575 qui
1216 1535 1311 1560 cum
1330 1534 1418 1560 non
1437 1519 1613 1571 videret,

163 1599 263 1638 'quo
289 1584 447 1626 ἑαυτῶν
471 1583 677 1636 pertineat
699 1581 796 1637 (sed
819 1581 1061 1635 Sylburgius
1085 1581 1206 1620 etiam
1226 1580 1272 1618 in
1295 1578 1454 1620 ἕαυταῖν
1471 1578 1609 1618 'offen-

183 1644 245 1683 dit
266 1643 324 1682 ita
346 1648 392 1681 ut
413 1647 542 1695 paene
576 1641 703 1679 vellet
736 1638 883 1694 ἑτέρων
905 1637 1055 1692 scribi)
1092 1639 1146 1678 ad
1170 1639 1332 1687 Ναΐδας
1352 1636 1614 1677 refemhdum

179 1702 364 1757 putavit,
396 1706 438 1739 et
464 1698 730 1738 omittendam
752 1699 969 1752 copulam,
1000 1698 1176 1750 fecitque
1199 1691 1442 1736 sententiam
1465 1694 1614 1748 absurfss·

182 1762 288 1801 dam.
330 1762 478 1798 Sensus
501 1764 634 1796 autem
658 1763 737 1807 est,
768 1763 926 1796 veteres
947 1757 1089 1795 solitos
1110 1755 1233 1795 fuisse
1256 1768 1348 1793 suas
1371 1753 1522 1793 amicas
1542 1752 1615 1796 vel

181 1832 332 1859 uxores
367 1831 518 1857 vocare
543 1815 749 1868 Dryadas,
780 1815 1054 1869 Epimeliadas
1086 1820 1127 1854 et
1147 1813 1317 1852 Naidas:
1357 1807 1477 1854 debet
1502 1811 1613 1851 enim

182 1878 256 1917 sub
289 1874 364 1925 τᾶς
396 1875 554 1916 ἑαυτῶν
588 1873 798 1913 subaudiri
825 1873 1031 1928 ἐρωμένας
1059 1873 1127 1912 vel
1147 1875 1368 1926 γυναῖκας,
1398 1871 1468 1910 vel
1492 1865 1613 1924 Νύμ-

183 1937 314 1988 φας.“
355 1933 435 1973 Sed
466 1932 615 1971 horum
647 1938 903 1986 postremum
935 1930 1222 1972 tantummodo
1255 1942 1401 1971 verum
1431 1933 1508 1978 est,
1539 1924 1614 1984 τοὶς

183 1994 341 2036 ἑαυτῶν
362 1991 621 2032 referendum
654 2004 739 2030 esse
769 1990 824 2029 acl
844 1986 1035 2044 νύμφας·
1076 2004 1176 2028 suas
1205 1987 1409 2041 nymphas
1423 1984 1614 2024 Arcades

166 2065 168 2068 ’
184 2051 454 2106 appellabant
473 2047 670 2102 Dryades
681 2082 692 2100 ,
715 2047 968 2102 Epimelides
987 2056 1025 2087 et
1044 2045 1246 2088 Naiadee.
1279 2046 1358 2085 Pro
1380 2039 1616 2098 Ἐπιμηλιά-

186 2113 261 2160 δας
283 2108 543 2149 scribendum
565 2108 737 2147 fortasse
758 2107 923 2147 videtur
942 2102 1211 2161 Ἐπιμηλίδας
1232 2117 1284 2144 ex
1295 2104 1369 2142 l.‹:.
1388 2098 1616 2156 Alciphro‘-

183 2170 272 2219 nis,
303 2168 454 2207 Anton.
477 2165 563 2204 Lib.
587 2180 677 2220 cap.
699 2169 751 2210 31
767 2195 779 2217 ‚
810 2165 949 2204 Schol.
969 2165 1161 2219 Apollon.
1174 2163 1242 2214 IV,
1270 2165 1396 2212 1322,
1427 2160 1552 2200 suida
1566 2166 1615 2200 'et

183 2222 420 2280 Phrynicho
443 2226 488 2264 in
509 2224 686 2264 Bekkeri
707 2223 859 2264 Aneed.
882 2239 923 2278 p.
950 2227 1004 2267 17
1015 2254 1027 2276 ‚
1059 2223 1129 2277 qui
1148 2222 1205 2262 ita
1236 2220 1289 2260 de
1307 2219 1389 2259 hoc
1406 2217 1615 2273 nympha·-

185 2300 281 2326 rum
303 2298 446 2338 genere
468 2283 680 2336 exposuit:
723 2282 771 2324 αἱ
790 2279 976 2337 περὶῒτοῖς
1001 2279 1131 2335 νομοῖς
1155 2282 1236 2321 τῶν
1247 2273 1507 2334 τετραπόδων
1529 2276 1616 2319 ἔπι-

185 2345 373 2399 μηλίδες,
405 2339 470 2385 ὅτι
490 2344 602 2396 μῆλα
624 2338 787 2382 ἅπαντα
816 2338 867 2381 toi
894 2336 1124 2396 τετράποδα
1146 2340 1342 2380 καλοῦσιν
1367 2336 1412 2378 οἱ
1439 2330 1613 2391 ἆρχαῒοι.

185 2403 265 2442 Sed
289 2402 613 2454 consideremuS,
645 2399 760 2453 quod
778 2399 889 2439 idem
910 2399 1076 2452 Bergler
1095 2399 1123 2437 1.
1145 2411 1179 2436 c.
1201 2394 1382 2435 addidit:
1413 2392 1614 2446 „eaedem

186 2462 376 2515 Μηλίδες
406 2458 518 2513 apud
546 2457 804 2497 Eustathium
834 2471 876 2511 p.
901 2459 999 2501 652.
1029 2457 1105 2496 lin.
1130 2458 1198 2500 34.
1232 2455 1300 2498 35.
1331 2465 1436 2506 quae
1465 2451 1614 2493 itidem

186 2515 424 2571 Μηλιάδες,
459 2523 500 2556 et
519 2516 656 2556 dorice
669 2511 885 2565 Μαλιάδες
906 2515 1019 2570 apud
1041 2515 1277 2566 eundem‘p.
1297 2514 1421 2555 1661.
1443 2509 1517 2550 lin.
1540 2512 1613 2557 49.

184 2584 225 2616 et
246 2578 323 2616 Iul.
343 2577 555 2617 Pollucem
578 2574 648 2613 lib.
671 2574 746 2615 IX.
767 2587 888 2627 segm.
909 2579 1005 2618 122.
1030 2580 1072 2614 et
1095 2574 1222 2616 127.“
1262 2564 1445 2626 Ὁμήρῳ·
1481 2568 1612 2607 veluti

183 2636 327 2688 Odyss.
357 2634 475 2685 XIII,
514 2637 609 2676 104.
648 2628 839 2688 Ἀρκαδία
871 2629 970 2682 ζόνα
998 2646 1075 2686 pro
1094 2624 1275 2685 ’Ἀρκάδι
1304 2624 1450 2677 ’Λζοῖνα
1479 2626 1611 2680 Mosq.

179 2689 326 2742 ’Λζᾶνα
346 2710 382 2734 κ.
393 2709 425 2735 τ.
437 2696 471 2734 λ.
513 2692 571 2731 De
591 2690 781 2730 Arcadia·
801 2691 940 2732 sobole
958 2690 1151 2746 Apollod.
1173 2689 1247 2739 111,
1270 2689 1312 2730 9.
1336 2685 1423 2725 init.
1454 2684 1612 2725 Ibidem

178 2751 456 2805 Apollodorus
483 2749 791 2803 Aplzeidantem
822 2751 1035 2805 aequalem
1058 2751 1228 2800 Proeto,
1281 2742 1493 2798 Tirynthis
1522 2743 1611 2794 regi

177 2809 377 2864 perhibet.
418 2813 504 2860 τοῖς
535 2807 581 2852 δὲ
610 2808 756 2853 παισὶν
769 2831 829 2843 —-
847 2804 999 2865 χώραν.
1052 2806 1203 2869 Τοπαθ
1232 2802 1284 2847 ab
1308 2802 1470 2847 Arcade
1498 2801 1609 2862 inter
