1682 3172
119 206 179 251 40
275 230 291 244 .
536 230 538 233 -
589 198 1094 247 ADNOTATIONES

124 319 290 364 τέλεσαν
309 317 439 374 Mosq.
465 315 600 370 Ἴκκος
627 326 677 366 ut
688 333 786 375 (33Ρ.
805 322 856 372 9,
887 323 929 364 3
965 318 1084 360 Plato
1118 317 1165 358 in
1193 317 1354 371 Protag.
1378 330 1422 372 p.
1433 315 1550 368 8163

128 377 278 438 (100.)
311 378 540 451 Stephanus
561 374 679 449 Byz.
679 393 712 420 3.
729 393 777 420 v.
797 373 964 434 Φαράς·
1004 377 1107 418 sed
1095 391 1139 416 in
1158 376 1315 416 Aelian
1334 375 1383 417 V.
1402 375 1455 416 H.
1477 372 1557 434 XI,

127 444 168 484 5.
199 445 240 478 et
267 436 498 478 Phavorino
524 432 657 488 Ἶκκὸς,
703 437 830 488 Quod
847 437 1027 491 Etymol.
1047 436 1102 476 M.
1129 441 1280 494 auctor
1294 449 1336 490 p.
1356 436 1467 479 414.
1480 421 1561 474 tf*-

128 498 229 537 fert:
271 495 408 548 ἴκκος,
439 497 628 550 σημαίνει
655 493 724 539 τὸν
751 496 906 548 ἵππον,
933 494 1074 536 nescio
1105 508 1157 534 an
1182 494 1243 533 ita
1260 490 1561 564 comparatum

127 569 216 596 non
241 554 330 606 sit,
350 561 400 594 ut
418 568 569 600 nomen
585 556 802 625 proprium
831 553 1080 600 discriminis
1107 566 1229 592 causa
1256 546 1558 606 oporteatdfiv-

129 617 353 657 τονεῖσθαι.
382 612 500 653 Adde
515 609 747 669 Ἡρόδικος,
763 610 949 668 Ἴβυκος,
967 607 1233 682 Ἑρμόλυκος.
1265 612 1385 652 lecu-⁹
1402 611 1558 662 noster,

130 672 315 712 medicus
338 677 379 712 et
399 671 647 712 athletarum
667 672 883 738 magister,
910 671 1072 725 primus
1086 670 1238 724 coepit
1261 667 1559 740 temperantia!

129 731 272 772 vivere
299 744 375 786 per
400 736 538 771 totum
562 730 792 771 certaminis
825 728 1000 771 exerciti
1021 735 1210 782 tempus,
1241 735 1282 768 et
1311 723 1561 781 σοφιστικήν

131 788 279 845 τέχνην
304 788 473 829 nomine
500 792 779 857 γυμναστικῆς
807 788 1005 830 exercuit.
1032 801 1074 829 v.
1094 787 1211 828 Plato
1243 793 1285 826 et
1304 786 1499 827 Aelianus
1510 785 1562 829 ll.

132 848 178 888 ll.
202 862 311 889 011111
340 847 560 889 Perizonii
580 848 675 888 adn.
706 848 914 888 floruisse
953 860 1048 888 eum
1081 844 1328 900 Olympiade
1348 842 1564 886 13.me

132 907 263 947 tradit
288 906 521 961 Stephanus
547 906 577 947 l.
598 921 632 946 c.
669 902 941 961 Ὀλυμπιακὸν
970 919 992 947 e
1011 905 1258 959 Mosq.P10
1283 903 1456 956 vulgato
1477 904 1565 944 ταῖν

135 961 209 1019 ἐφ’
228 963 341 1023 αὐτῷ
363 965 514 1020 scripsi
526 968 615 1007 τῶν
632 960 705 1018 ἐφ’
723 964 878 1018 αυτοῦ,
910 964 1021 1018 quod
1041 963 1233 1003 Schaefer
1249 963 1425 1016 quoque
1424 961 1565 1009 voluit

136 1023 189 1064 ad.
210 1024 321 1064 Lam.
331 1025 436 1064 Bos.
460 1039 505 1078 p.
521 1027 622 1069 280.
650 1025 956 1073 καταπαλαίσας
973 1044 1034 1054 -
1057 1021 1238 1064 Φειδίου.
1267 1022 1327 1061 De
1342 1020 1429 1061 hoc
1444 1019 1566 1060 dixe-'-

135 1088 202 1123 rat
225 1097 313 1137 cap.
335 1085 381 1134 4,
403 1083 452 1126 3.
473 1085 561 1124 τοῦ
554 1078 982 1136 Διὸς-Ἑλλήνων.
1023 1081 1083 1121 De
1105 1080 1152 1120 30
1175 1081 1227 1120 cf.
1248 1080 1304 1132 V,
1327 1083 1407 1132 28,
1432 1081 1471 1123 1·
1493 1077 1567 1119 ubi

137 1140 259 1181 etiam
284 1140 334 1181 de
354 1141 600 1195 scriptura
582 1141 839 1183 Πλαταίασιν
862 1140 1055 1180 diximus.
1095 1141 1357 1181 Πλαταιᾶσιν
1366 1137 1442 1179 hie
1458 1151 1568 1192 quo-

139 1213 219 1253 que
237 1199 368 1253 Mosq.
400 1215 528 1241 αυτου
557 1215 601 1241 τε
629 1195 771 1242 εἰκόνα
799 1199 947 1239 maluit
973 1197 1227 1252 Sylbm01us
1275 1197 1335 1237 De
1362 1197 1569 1251 scriptura

141 1259 288 1308 Φοίνιξ
321 1259 372 1297 ef.
404 1257 496 1296 3(111.
524 1258 577 1297 ad
596 1258 692 1310 VII,
716 1263 794 1308 23,
818 1261 858 1302 5-
887 1254 1021 1313 παρα
1016 1253 1073 1298 τὸ
1104 1253 1220 1311 ζυγὸν
1251 1255 1518 1308 Vulg.1)edi
1546 1263 1571 1294 ’3

138 1316 262 1356 Vind.
292 1313 405 1371 παραὶ
427 1331 501 1357 τον
530 1311 666 1370 ζυγόν
694 1331 733 1356 v.
755 1316 996 1356 Ammonius
1017 1330 1048 1354 s.
1069 1313 1111 1354 li.
1126 1328 1168 1353 V.
1194 1328 1289 1354 cum
1307 1312 1571 1354 Valckenarii

142 1374 411 1414 correctione.
428 1389 541 1422 τους
569 1389 681 1429 παρα
705 1371 775 1416 τὸν
795 1371 916 1429 ζυγον
938 1387 1064 1427 equos
1086 1386 1172 1411 esse
1185 1372 1386 1424 funale-3,
1417 1366 1573 1428 παρῃό-

141 1448 241 1489 ρους
272 1447 344 1472 3311
370 1433 665 1488 παρασείρους,
702 1432 895 1472 Kuhnius
925 1432 1009 1471 iam
1038 1437 1181 1470 contra
1201 1430 1387 1471 Amasaei
1409 1429 1572 1478 versio-
1602 1437 1605 1440 ’

140 1504 238 1532 nem
257 1490 431 1531 monuit.
473 1490 716 1544 Sylburgius
736 1491 936 1531 reddidit:
969 1504 1001 1529 a
1015 1490 1181 1530 dextera
1200 1491 1295 1543 iugi
1308 1496 1434 1543 parte
1455 1488 1574 1529 Gna·-

144 1551 264 1601 cias,
289 1564 318 1589 a
337 1550 473 1589 laeta.
478 1550 645 1589 S.amus
686 1550 872 1599 Κνακίας
890 1563 968 1603 pro
991 1548 1178 1597 Κνακίας
1196 1548 1329 1602 Mosq.
1352 1546 1574 1588 Reinesius

145 1608 324 1648 coniecit
341 1603 522 1657 Κυανός.
567 1608 647 1647 Sed
666 1608 852 1657 Κνακίας
871 1622 895 1646 3
913 1621 1015 1647 voce
1032 1603 1184 1656 κνακὸς
1209 1606 1236 1645 1.
1260 1621 1294 1646 3.
1319 1604 1478 1657 ξανθος
1501 1619 1575 1651 sou

143 1663 303 1722 πυρᾇς
325 1680 475 1720 equum
492 1665 618 1705 huius
647 1666 774 1706 color³
763 1681 797 1705 s
820 1661 1172 1719 (13110131.Σαμος
1194 1665 1394 1705 Reinesio
1403 1664 1576 1706 videba-

144 1728 221 1765 tur
245 1739 331 1765 esse
364 1727 441 1779 qui
468 1732 527 1763 est
555 1725 690 1764 colore
719 1732 852 1764 tertae
870 1726 1040 1764 Samiae
1065 1724 1092 1763 1.
1115 1738 1149 1764 3.
1173 1723 1346 1765 cinereo.
1374 1719 1469 1766 ἐὗδε
1496 1736 1577 1778 pro

144 1779 242 1825 τόδ’
261 1784 391 1836 Mosq.
431 1783 481 1822 In
503 1782 767 1837 Κλεοσθένης
785 1783 1027 1837 Sylburgius
1049 1789 1090 1821 et
1107 1782 1317 1822 Iacobsius
1334 1782 1391 1822 ad
1408 1781 1576 1823 Anthol.

145 1842 231 1883 Pal.
255 1842 301 1881 T.
322 1842 391 1881 ΠΙ.
421 1856 461 1895 Ρ.
483 1844 582 1885 937.
612 1847 806 1881 statuunt
830 1856 914 1882 esse
940 1840 1266 1895 amphibrachyn
1284 1855 1364 1896 pro
1389 1840 1576 1896 dactylo:

148 1900 221 1940 sed
241 1900 355 1954 quod
385 1914 527 1940 eorum
546 1901 753 1953 posterior
774 1901 1008 1954 exemplum
1030 1900 1173 1939 laudat
1199 1913 1252 1939 ex
1274 1899 1401 1940 Anth.
1418 1900 1505 1940 Pal.
1531 1901 1581 1940 T.

147 1959 198 1999 Π.
218 1973 260 2013 p.
291 1962 389 2003 832.
422 1954 728 2013 Κλεομβρότου,
758 1959 838 1998 3113
869 1959 956 1998 eius
982 1958 1091 1998 ratio
1116 1963 1188 1997 est.
1234 1958 1435 2011 Equidem
1466 1958 1578 1998 anti-

151 2031 275 2071 quam
302 2017 427 2057 huius
456 2016 636 2056 nominis
664 2017 914 2071 scripturam
942 2015 1220 2065 Κλεοσθένεες
1250 2016 1375 2056 fuisse
1399 2023 1580 2070 putave-

150 2076 254 2127 rim,
293 2090 391 2116 nam
411 2074 486 2114 ch'u
515 2090 553 2116 εε
577 2089 656 2129 pro
687 2091 715 2129 η
746 2075 794 2116 111
813 2089 893 2115 usu
916 2074 1008 2115 fuit.
1037 2088 1078 2115 v.
1099 2073 1269 2114 Fischer
1289 2075 1342 2114 ad
1364 2074 1579 2116 Weller.'I.

152 2148 193 2188 p.
213 2134 283 2178 25.
304 2140 346 2174 et
366 2132 591 2173 Villoisoni
608 2134 766 2187 Proleg.
795 2134 849 2173 ad
871 2133 1034 2173 Homer.
1058 2147 1100 2187 p.
1120 2133 1189 2174 IV.
1239 2132 1391 2174 Verum
1414 2133 1582 2188 quidem

154 2198 237 2244 cst,
269 2192 435 2246 Olymp.
457 2191 610 2243 LXVI,
640 2206 721 2245 qua
751 2191 1012 2232 Cleosthenes
1041 2191 1164 2244 vicit,
1201 2205 1288 2232 non
1315 2192 1440 2232 simul
1466 2191 1583 2233 hunc
1648 2179 1651 2182 Α

156 2223 245 2289 eius
268 2264 438 2291 currum
458 2250 695 2290 dedicatum
716 2263 820 2290 esse:
860 2248 1057 2303 Ageladas
1078 2250 1204 2302 enim,
1237 2250 1355 2290 cuius
1374 2265 1487 2306 opus
1510 2250 1584 2291 hio

156 2322 303 2349 currus
328 2309 432 2361 fuit,
465 2315 633 2349 auctore
661 2308 795 2348 Plinio
819 2309 1017 2362 XXXIV,
1043 2312 1111 2352 19
1134 2323 1177 2364 Ρ.
1192 2312 1297 2376 2343
1319 2308 1411 2364 Bip.
1438 2309 1584 2349 floruit

159 2367 404 2422 Olympiade
429 2367 680 2418 LXXXVII,
712 2380 805 2420 ergo
827 2369 923 2422 plus
956 2367 1181 2420 octoginta
1192 2367 1308 2407 anuis
1336 2374 1432 2422 post
1455 2369 1583 2408 Cleo-

160 2425 316 2465 sthenis
344 2426 576 2466 victoriam.
628 2426 846 2466 Pausanias
866 2425 1405 2479 Vss1,42,4.Age1a‹1mn
1427 2439 1586 2493 aequa·-

159 2481 243 2522 lem
273 2483 462 2537 perhibet
494 2484 664 2536 Hegiae,
685 2484 873 2537 Hegiam
910 2491 1046 2530 autem
1067 2483 1230 2525 Plinius
1262 2485 1514 2526 1.1.1eiicit
1538 2485 1586 2526 in

165 2540 451 2595 Olympiadem
488 2542 720 2594 LXXXIV,
772 2549 812 2582 et
849 2544 1106 2597 Polycletum
1142 2543 1457 2596 Myronemque,
1511 2543 1585 2597 qui

166 2596 410 2653 Olympiade
433 2601 678 2641 LXXXVII.
706 2600 942 2652 floruerint,
983 2601 1196 2655 discipulis
1225 2608 1412 2640 accenset
1436 2601 1585 2654 Agela-

165 2657 251 2698 dae.
301 2659 381 2697 Sed
404 2672 639 2713 quanquam
660 2656 741 2699 hoc
759 2660 882 2699 modo
906 2660 1048 2713 paucis
1070 2659 1184 2700 annis
1205 2660 1414 2712 antiquior
1431 2660 1586 2700 redda-

166 2721 237 2754 tur
252 2714 446 2768 Ageladas
459 2748 471 2768 ,
494 2724 632 2757 tamen
648 2719 769 2771 longe
789 2718 924 2758 abfuit
942 2719 990 2757 ab
1012 2718 1255 2773 Olympiade
1272 2719 1422 2770 LXVI,
1452 2732 1587 2773 neque

167 2773 340 2814 dubium
369 2782 430 2814 est
459 2775 561 2829 quin
591 2776 842 2818 Cleosthenis
868 2776 939 2817 hic
969 2791 1135 2829 currus,
1165 2777 1213 2818 ab
1235 2775 1414 2830 Agelada
1437 2778 1585 2829 factus,
