1682 3172
183 252 273 331 ²4⁵⁰
619 283 624 290 ι
712 286 713 289 ¹
739 250 1034 307 ‚AxAIKA
1091 198 1119 237 κ

183 365 369 413 Κύλωνι
405 365 527 424 ὁμοῦ·
562 364 646 425 τὴν
685 363 935 426 ἀκρόπολιν
970 364 1338 428 κατειληφότωνῖ,
1371 371 1450 428 καὶ
1467 367 1612 419 «αὐτοί

182 453 228 482 τε
260 438 304 482 οῖ
337 435 676 494 ἀποκτείναντες
705 439 1008 498 ἐνομίσθησαν
1045 438 1122 485 καὶ
1152 439 1198 485 οἱ
1227 437 1271 497 ἐξ
1301 439 1485 497 ἐκείνων
1514 438 1610 487 ἐνα-

180 511 272 565 γεῖς
301 510 380 564 τῆς
407 511 537 554 θεοῦ.
595 512 972 568 Λακεδαιμονίοις
1002 508 1051 555 δὲ
1081 507 1373 559 ἀποκτείνασι
1402 511 1481 560 καὶ
1507 511 1610 560 τού-

179 593 273 630 τοις
303 576 473 640 α’νδρας
502 580 566 633 είς
591 579 643 625 τὰ
673 580 796 638 ἱερὸν
817 579 1214 639 καταπεφευγότας
1234 579 1286 626 τὸ
1301 581 1377 628 ἐπὶ
1400 581 1623 644 Ταινάρῳ

160 650 264 695 τοῦ
295 649 607 705 Ποσειδῶνος,
652 649 709 697 ού
739 650 848 709 μετὰ
879 652 997 698 πολὺ
1027 651 1205 711 ἐσείσθη
1236 653 1392 718 σφίσιν
1420 651 1450 712 ἦ
1479 651 1610 715 πόλις

178 723 355 776 συνεχεῖ
379 735 426 764 τε
457 718 575 778 ὁμοῦ
603 722 678 768 καὶ
708 723 876 782 ἰσχυρῷ
906 726 970 783 τῷ
996 727 1183 786 σεισμῷ,
1215 722 1327 769 ὥστε
1354 724 1510 773 οἰκίαν
1531 741 1609 786 μη-

176 790 335 847 δεμίαν
373 794 466 836 τῶν
504 790 554 837 ἐν
582 794 886 851 Λακεδαίμονι.
925 791 1160 853 ἀντισχεῖν.
1221 795 1299 854 (2)
1328 792 1522 853 Ἐγένετο
1558 793 1609 841 ’δὲ

77 869 162 915 589
176 864 251 918 τῆς
284 859 458 921 Ἑλίκης
498 860 696 919 dada-rm
733 861 930 909 Ἀστείου
967 863 1326 926 μὲν-Ἀθήνῃσιν
1357 864 1423 911 ἔτι
1452 861 1608 923 ἔρχον-

170 947 271 985 τος,
308 929 502 993 τετάρτῳ
534 926 581 978 δὲ
612 932 698 978 ἔτει
726 938 806 993 τῆς
841 931 1024 994 πρώτης
1059 933 1362 994 Ὀλυμπιάδος
1401 933 1472 980 ἐπὶ
1509 938 1608 990 ταῖς

171 1001 352 1058 ἑκατὸν,
381 1001 440 1062 ἢν
464 1001 636 1061 Δάμων
660 1002 858 1063 Θούριος
885 1005 1009 1052 ἐνίκα
1038 1004 1089 1051 τό
1120 1009 1315 1063 πρῶτον.
1371 1002 1607 1069 ‘EI-malem

171 1072 220 1119 δὲ
251 1071 337 1119 οὐκ
367 1072 486 1119 ἔπ’
462 1091 607 1120 οντων
636 1075 853 1134 νέμονται
882 1075 964 1136 τὴν
994 1076 1146 1135 χώραν
1176 1079 1223 1124 οἱ
1254 1078 1471 1136 Αἰγιεῖς.

288 1145 367 1203 (3)
401 1145 529 1191 Μετὰ
561 1146 608 1192 δὲ
631 1144 812 1206 Ἑλίκην
842 1145 1141 1208 α’ποτραπησῃ
1171 1165 1218 1194 τε
1249 1146 1339 1194 ἀπὸ
1371 1145 1607 1209 θαλάσσης

173 1214 218 1268 ἐς
249 1214 418 1269 δεξιάν,
458 1218 535 1263 καὶ
562 1217 680 1276 ἥξεις
710 1216 753 1271 ἐς
783 1216 982 1277 πόλισμα
1013 1218 1290 1306 Κερύνειαν
1340 1215 1526 1280 ᾤκισται
1557 1217 1606 1264 δὲ

169 1284 286 1344 ὑπὲρ
324 1285 408 1345 τήν
444 1286 683 1346 λεωφόρον
723 1288 772 1334 ἐν
810 1287 929 1348 ὄρει,
966 1290 1044 1335 καί
1074 1291 1120 1335 οἱ
1147 1287 1198 1335 τὸ
1232 1285 1381 1347 ὄνομα
1410 1287 1442 1348 ἦ
1471 1279 1604 1335 δυνά-

173 1370 279 1416 στης
310 1356 568 1417 ἐπιχώριος,
607 1357 638 1419 ἢ
668 1355 693 1403 ὁ
722 1362 974 1419 Κερυνίτης
1011 1358 1215 1420 ποταμὸς
1245 1361 1515 1423 πεποίηκεν,
1553 1357 1604 1420 ὃς

170 1427 216 1483 ἐξ
244 1427 476 1486 Ἀρκαδίας
517 1429 594 1475 καὶ
634 1427 774 1487 ὅρους
810 1433 1062 1489 Κερυνείας
1098 1432 1216 1489 ῥέων
1252 1428 1456 1490 Ἀχαιοὺς
1491 1430 1603 1487 τούς

170 1497 310 1558 ταύτῃ
335 1499 574 1557 παρέξεισι.
615 1500 742 1560 παρὰ
761 1500 953 1557 τούτους
970 1501 1178 1549 σύνοικοι
1195 1505 1466 1560 Μυκηναῖοι
1487 1499 1602 1551 κατὰ

168 1710 264 1751 lone
305 1726 440 1752 arcem
481 1719 772 1767 occupaverat,
824 1720 865 1754 et
904 1714 984 1769 ipsi
1023 1714 1334 1766 interfectores,
1375 1719 1418 1755 et
1457 1727 1598 1754 omnes

169 1797 310 1822 eorum
339 1783 496 1837 posteri
524 1784 699 1824 violatae
736 1799 812 1840 per
844 1785 1007 1825 caedem
1036 1784 1247 1838 religionis
1277 1784 1478 1836 damnati,
1521 1784 1599 1824 ob-

167 1853 288 1894 noxii
317 1854 413 1894 deae
443 1855 569 1895 fuere.
628 1856 938 1896 Lacedaemonii
979 1855 1100 1896 etiam
1139 1870 1266 1910 quum
1299 1855 1347 1895 in
1383 1852 1598 1896 eos‘viros

168 1925 410 1977 saevissent‚
439 1925 514 1980 qui
537 1926 744 1980 supplices
764 1927 808 1965 in
829 1928 1030 1981 templum
1049 1927 1251 1980 Neptuni,
1282 1926 1396 1980 quod
1415 1925 1469 1965 ud
1491 1926 1598 1966 Tae-

167 2010 315 2044 narum
345 2003 426 2047 est,
467 2003 696 2048 evaserant,
739 1999 887 2050 Sparta
916 2012 1001 2036 non
1029 1998 1158 2036 multo
1188 2002 1285 2051 post
1312 2002 1398 2036 tam
1428 1996 1595 2050 crebris,

167 2072 329 2121 tamque
349 2066 655 2107 vehementibus
676 2074 807 2107 terrae
825 2067 1068 2121 impulsibus
1092 2081 1285 2107 concussa
1305 2072 1385 2118 est,
1414 2073 1463 2108 ut
1480 2067 1596 2108 nulla

166 2152 297 2191 prope
328 2138 473 2177 domus
502 2137 644 2177 ruinae
669 2152 814 2191 expers
838 2138 973 2178 fuerit.
1034 2135 1110 2193 (2)
1143 2137 1285 2176 Deleta
1303 2144 1364 2177 est
1385 2138 1438 2183 ad
1459 2138 1592 2185 inter-

166 2208 381 2248 necionem
410 2207 572 2258 Helice,
613 2207 736 2247 Asteo
768 2208 936 2248 Athenis
975 2222 1181 2248 summum
1211 2207 1493 2261 magistratum
1520 2225 1593 2266 ge·-

164 2286 302 2330 rente,
344 2279 601 2333 Olympiadis
631 2278 786 2332 primae
818 2285 858 2318 et
895 2279 1134 2319 centesimae
1165 2294 1271 2319 anno
1303 2287 1472 2334 quarto,
1512 2295 1594 2335 qua
1624 2300 1626 2306 s

163 2350 323 2389 Damon
363 2349 541 2390 Thurias
581 2349 718 2405 victor
764 2349 942 2403 primuni
985 2349 1250 2391 renunciatus
1295 2357 1367 2391 est.
1434 2350 1592 2408 Agrum

163 2421 442 2472 Ilelicensem‚
483 2434 610 2474 quum
639 2434 758 2460 nemo
790 2435 840 2460 ex
870 2420 1017 2460 incolis
1047 2428 1250 2476 superstes
1278 2422 1494 2473 manserit,
1526 2428 1591 2462 te-

163 2497 265 2531 nent
289 2490 509 2543 Aegienses.
571 2489 648 2546 (3)
681 2491 742 2530 Ab
765 2491 906 2531 Helice
931 2499 971 2531 et
1001 2491 1087 2531 eius
1117 2491 1320 2532 maritima
1349 2507 1420 2534 ora
1450 2492 1586 2533 ‹liver—

162 2568 253 2602 tens
276 2562 558 2614 dextrorsum,
589 2562 642 2601 ad
670 2562 870 2616 oppidum
899 2563 1113 2616 pervenias
1142 2563 1189 2604 in
1219 2568 1359 2603 monte
1376 2562 1590 2603 conditum

163 2623 288 2686 supin
317 2633 534 2672 militarem
563 2633 695 2684 viam,
727 2634 795 2672 cui
820 2631 1005 2687 ‘Cerynea
1034 2648 1209 2686 nomen,
1250 2633 1336 2674 sive
1365 2632 1415 2671 ab
1447 2647 1590 2674 eorum

162 2704 351 2743 locorum
382 2704 544 2755 regulo,
575 2703 660 2743 sive
691 2703 740 2743 ab
772 2718 889 2743 amne
910 2706 1126 2757 proximo,
1172 2705 1248 2758 qui
1278 2703 1488 2757 Cerynites
1518 2703 1589 2743 da·-

163 2775 283 2813 citur.
342 2774 517 2814 Prossuit
544 2775 578 2815 is
610 2790 630 2814 e
652 2776 834 2828 Cerynea
850 2775 1047 2815 Arcadiae
1077 2781 1238 2826 monte,
1271 2780 1312 2813 et
1330 2774 1587 2815 Achaeorum

161 2843 360 2884 finitimos
388 2858 504 2897 agros
527 2845 853 2900 praeterlabitur.
912 2845 1005 2886 Huc
1027 2845 1247 2899 aliquando
1268 2844 1587 2899 commigrarunt
