1676 3172
506 238 585 280 AD
625 239 737 282 LIB.
777 239 865 283 VII.
924 239 1054 283 CAP.
1094 240 1208 283 XIX.
1484 244 1599 316 163’

257 351 310 422 ς..
337 358 378 400 3.
436 351 693 399 Παύσασθαι
711 354 764 411 δη
781 372 889 400 ουτω
908 356 1029 411 Vulg.
1069 358 1222 412 Scripsi
1239 355 1285 401 δὲ
1303 370 1380 412 pro
1399 355 1452 412 δή
1471 357 1569 412 Syl-

150 410 294 467 burgio
315 414 566 454 assentiente.
596 418 676 473 γῆν
696 415 824 469 Mosq.
883 417 942 455 De
960 417 1176 470 Eurypylo
1199 419 1456 457 Euaemonis
1465 417 1567 470 filio

76 519 82 524 ,
134 470 271 512 Hom.
298 471 414 513 Iliad.
439 473 495 524 Π,
524 477 621 518 736.
669 475 765 514 Post
791 469 964 530 λάρνακι
995 475 1148 514 maiore
1174 489 1269 515 usus
1299 489 1388 514 sum
1417 475 1570 515 distin-

81 554 83 557 ·
153 530 306 581 ctione;
336 545 433 570 nam
455 530 573 586 ἔργον
593 530 668 586 μὲν
691 556 726 562 -
763 531 988 586 Ἡφαίστου
1007 533 1093 574 3311.
1109 528 1451 599 ’ἧν-Δαρδάνῳ
1470 547 1569 586 per-

150 588 256 628 tinet
282 589 334 628 ad
362 585 555 645 λάρνακα.
590 591 640 629 cf.
660 589 740 641 IX,
765 595 844 642 41,
872 595 907 635 1.
937 591 1010 631 ubi
1029 591 1234 662 scriptor
1237 591 1433 642 fabulam,
1462 591 1570 631 Vul-

153 647 244 686 cani
267 661 370 701 opus
393 647 519 687 fuisse
543 647 651 687 hane
676 663 834 700 arcam,
865 649 1012 689 reiicit.
1053 646 1115 692 ’ὅτι
1132 671 1186 679 -·-
1207 646 1313 691 cino)
1316 651 1422 692 είποι
1441 649 1570 702 Mosq.

151 702 293 759 ἤνοιξε
309 726 369 736 -·-
384 705 503 749 θέαν.
545 707 646 747 Cum
666 706 731 746 his
750 713 923 762 propter
941 707 1250 748 similitudinem
1269 699 1520 773 comparabis
1539 708 1571 758 Ι,

155 767 230 814 18,
249 767 290 808 2.
321 764 371 804 de
390 764 516 806 Herse
540 771 580 804 et
599 765 776 818 Aglauro
796 772 972 806 narrata.
1026 766 1094 807 An
1122 764 1207 806 huc
1226 766 1430 820 pertineat
1453 771 1475 810 1
1496 767 1572 804 Sa·—

22 837 26 844 ·
74 840 78 843 *
149 823 272 862 muel.
292 825 344 874 6,
372 825 446 874 19,
484 822 586 862 mihi
613 838 698 863 non
726 824 866 877 liquet.
895 821 1002 867 εἶδεν
1031 823 1074 874 ἐς
1095 822 1141 867 τὸ
1171 831 1264 864 ante
1282 825 1472 876 Facium,
1501 823 1574 877 qui

151 880 274 921 vind.
300 887 341 924 et
359 881 490 935 Mosq.
523 881 612 922 cod.
638 883 878 922 auctoritate
901 882 943 933 ἐς
972 882 1136 924 delevit.
1168 883 1210 934 ἐς
1234 880 1314 938 τήν
1346 883 1575 930 Θεσσαλίαν

151 945 202 980 ut
223 939 421 994 patriam5
462 946 679 994 paternum
706 941 912 996 Eurypyli
941 955 1112 994 regnum
1142 941 1188 981 in
1217 941 1424 980 Thessalia
1451 954 1574 980 mon·-

138 1003 255 1039 strat
274 998 476 1038 Homerus
494 999 609 1038 Iliad.
631 999 688 1052 Η,
715 1003 813 1044 734.
853 999 942 1042 ἐπεί
972 1012 1014 1042 τε
1041 1014 1132 1070 pro
1155 999 1225 1042 ἐπί
1253 1015 1296 1042 τε
1318 997 1574 1053 Mosq.A1d

155 1055 310 1096 carrha
335 1063 480 1110 portus
511 1056 783 1127 Delphorum.
817 1057 858 1108 ἐς
886 1054 960 1100 τόν
991 1081 1046 1088 ——
1081 1053 1254 1100 κόλπον·
1296 1058 1422 1110 vulgo
1456 1057 1575 1096 Cris-

150 1127 296 1153 samm
320 1116 580 1181 appellatum.
617 1113 688 1158 τὸν
707 1111 861 1169 ταύτην
881 1122 976 1155 ante
994 1115 1163 1156 Facium
1175 1145 1186 1166 ‚
1217 1115 1288 1169 qui
1309 1130 1330 1154 e
1350 1114 1477 1168 Mosq.
1505 1111 1577 1157 τᾶν

148 1169 278 1230 ταύτῃ
295 1173 495 1225 restituit,
527 1174 640 1227 quod
657 1172 930 1227 Sylburgius
917 1186 1000 1213 13111
1014 1175 1221 1224 voluerat,
1244 1173 1315 1227 qui
1333 1180 1373 1213 et
1391 1170 1459 1215 τὸν
1478 1167 1575 1214 wd-
1593 1203 1598 1212 ,

147 1246 225 1284 της
249 1231 436 1271 coniecit.
475 1231 619 1287 ἐχρῆτο
649 1246 726 1287 pro
754 1233 896 1288 ἐχρᾶτο
917 1232 1047 1302 Mosq.
1076 1234 1128 1272 cf.
1152 1233 1205 1271 ad
1224 1231 1280 1282 Π,
1303 1234 1428 1283 287⁰
1398 1249 1442 1285 ’.3
1471 1226 1577 1286 νπὲρ

149 1303 225 1343 τἠς
252 1302 382 1331 ’νοσου
411 1290 598 1342 Vulgata
636 1288 788 1332 νόστου
812 1304 893 1345 pro
922 1286 1052 1333 νόσου
1081 1289 1205 1331 habet
1232 1290 1366 1343 Mosq.
1417 1289 1577 1328 Codicis

149 1347 368 1387 lectionem
397 1349 579 1402 praefert
609 1348 777 1399 Facius;
826 1355 870 1388 at
903 1362 949 1388 ea
978 1348 1189 1388 meliorem
1217 1361 1304 1387 esse
1336 1347 1576 1400 Vulgatam‚

144 1411 266 1460 patet
289 1411 379 1445 tum
408 1419 460 1445 ex
487 1403 880 1459 praecedentibus‘'
851 1421 922 1449 ατε
949 1405 993 1448 δὲ
1022 1403 1130 1448 οὕτω
1149 1427 1211 1437 -—
1230 1409 1367 1448 πλουν
1387 1405 1576 1457 ἐποιεῖτο,

147 1469 240 1504 tum
259 1478 312 1504 ex
331 1465 591 1518 sequentibus
611 1465 682 1507 καὶ
702 1481 811 1509 ουτω
832 1468 890 1523 τῷ
910 1486 970 1495 -
989 1461 1196 1518 ἕπαυσθη.
1239 1464 1386 1504 Facias
1413 1464 1515 1503 dicit
1537 1477 1580 1503 se

149 1528 200 1562 ut
224 1522 285 1562 ita
315 1522 470 1562 iudicet
493 1523 651 1563 oraculi
670 1538 866 1578 :lesponso
885 1522 1063 1575 moveri,
1096 1522 1210 1577 quod
1236 1523 1363 1589 1113313
1388 1522 1440 1562 ad
1463 1522 1580 1563 redi-

150 1586 242 1620 tum
257 1580 460 1635 pertineat
478 1595 601 1635 quam
621 1582 704 1620 ad
691 1583 872 1621 insaniae
890 1582 1100 1622 medelam.
1142 1581 1253 1621 Sed
1239 1595 1286 1620 m
1305 1581 1463 1620 oraculi
1481 1595 1510 1620 v
1512 1594 1580 1620 er·-

150 1637 214 1679 bis
234 1638 317 1678 hoc
337 1638 458 1691 latet,
490 1653 581 1679 eum
601 1639 636 1679 si
666 1641 719 1679 ad
743 1641 880 1680 locum
905 1639 1158 1694 pervenisset
1179 1645 1472 1689 monstratum,
1509 1638 1580 1677 in-

152 1697 267 1736 sauia
283 1669 534 1737 111)3131,’11111“
520 1698 594 1749 xri,
625 1704 666 1737 et
683 1698 742 1737 ibi
761 1698 1014 1737 habitantem
1038 1698 1259 1763 tranquille
1278 1697 1407 1736 vitam
1432 1696 1579 1737 tradu-

152 1761 315 1795 cturum
337 1769 433 1795 esse.
473 1755 577 1795 adde
600 1754 710 1809 quod
726 1756 898 1827 Eurypy
888 1757 964 1795 lus
992 1757 1193 1810 templum
1217 1755 1459 1808 signumque
1488 1769 1580 1794 ere-

151 1813 262 1854 xisse
299 1810 451 1854 ‹h‘citm
476 1815 711 1867 Σωτηρίας,
755 1810 984 1869 ἀποφυγών
1015 1811 1106 1883 τὴν
1132 1814 1284 1868 μανίαν
1315 1827 1402 1867 cap
1428 1815 1509 1864 21,
1540 1816 1579 1856 2.

153 1884 248 1925 ergo
268 1885 314 1911 33
345 1886 388 1911 se
415 1871 605 1925 inprimis
631 1873 797 1913 liberari
826 1874 972 1913 voluit.
1001 1868 1250 1942 κατήνεγκεν
1273 1871 1402 1925 Mosq.
1432 1871 1582 1910 omisit.

151 1945 257 1984 προς
275 1946 352 1983 την
368 1925 516 1986 Ἀρόην
532 1953 591 1961 —
613 1934 693 1999 γῇν
711 1955 766 1961 -
785 1931 1010 1986 παρθένων
1026 1931 1157 1984 Mosq.
1188 1926 1389 1981 ἐφίκοντο
1417 1946 1458 1979 ες
1477 1925 1581 1983 μνή-
1632 1957 1635 1959 Α

151 2000 308 2043 μην-κ·
330 1987 498 2042 βασιλέα
517 2004 560 2031 τε
579 1973 732 2039 ἰδόντες
747 2010 808 2020 --
825 1989 896 2032 καὶ
914 1985 1160 2043 ὑπενόησαν.
1203 1987 1286 2032 Hic
1307 1987 1583 2042 Grammatico.

151 2039 357 2100 postulat,
386 2053 436 2086 ut
453 2063 495 2089 τε
517 2048 832 2100 exterminetur,
856 2061 988 2102 neque
1004 2054 1142 2086 tamen
1157 2045 1237 2086 hoc
1254 2046 1487 2086 faciendum
1506 2051 1580 2096 est,

153 2116 280 2158 quum
297 2120 340 2146 τε
357 2104 577 2159 Participio
611 2080 850 2147 adiunctum
877 2107 975 2146 alibi
996 2106 1116 2145 etiam
1137 2103 1378 2159 reperiatur.
1412 2118 1452 2144 v.
1474 2104 1583 2144 Her-

152 2176 328 2211 mannus
360 2164 413 2214 acl
443 2163 577 2230 Viger.
610 2179 651 2230 p.
673 2169 770 2209 772.
810 2166 883 2205 sed
913 2160 1154 2218 ύπονόησαν
1182 2164 1310 2216 Wlosq.
1350 2162 1491 2203 habet:
1530 2174 1582 2201 ex

155 2234 236 2273 quo
257 2221 427 2260 fortasse
455 2222 534 2261 erit
553 2223 624 2276 qui
645 2224 784 2263 eliciat
805 2219 1134 2276 υπονοήσαντες
1173 2221 1286 2275 quod
1315 2220 1435 2260 istam
1457 2220 1583 2260 tolle-

153 2284 219 2318 ret
248 2295 364 2333 ανωμ
367 2280 498 2321 αλίαν.
553 2282 660 2321 Ante
691 2279 900 2338 ἐπιχώριοι
926 2280 1072 2321 Facius
1107 2279 1151 2322 οἱ
1181 2294 1203 2319 3
1239 2278 1368 2333 Mosq.
1397 2278 1581 2318 inseruit.

155 2295 364 2391 ἐπαύσθημ
369 2336 488 2390 Vulg.
519 2335 687 2393 ἐπαύθη
706 2340 834 2394 Mosq.
867 2341 917 2380 cf
939 2340 1032 2380 adn.
1053 2338 1106 2377 ad
1127 2335 1183 2388 ΙΙ,
1204 2341 1284 2387 22,
1307 2340 1346 2379 9
1374 2331 1581 2393 συμμαχή-

155 2407 269 2437 σοντι
287 2395 407 2448 Vulg.
438 2396 512 2436 sed
532 2397 678 2450 scripsi
698 2395 1026 2453 συμμαχήσαντι·
1063 2396 1177 2462 quod
1199 2367 1312 2434 hau'd
1339 2393 1462 2435 dubie
1484 2397 1540 2447 Sy
1529 2394 1582 2433 l·-

153 2451 322 2506 burgius
343 2468 505 2508 quoque
525 2456 683 2507 voluit;
725 2471 820 2497 nam
848 2457 990 2511 quod
978 2471 1023 2496 111
1043 2456 1130 2494 eius
1150 2453 1414 2493 adnotatione
1431 2453 1582 2505 legitur

155 2513 344 2562 „rectius
367 2509 729 2567 συμμαχήσαντας,
760 2516 981 2570 praetelito
1005 2513 1226 2578 tempoie“
1256 2511 1343 2549 sine
1366 2511 1490 2551 dubio
1511 2510 1582 2551 vi—

152 2569 261 2609 tium
285 2583 501 2624 opelaium
532 2578 614 2622 est,
648 2574 769 2625 quod
790 2574 897 2614 mala
926 2574 1007 2613 fide
1034 2570 1228 2625 lepetivit
1253 2566 1583 2612 Kuh11ius.o1’›'vs

157 2625 234 2681 μὲν
256 2628 376 2680 Vulg.
415 2627 510 2670 ου’τε
543 2645 627 2684 μην
649 2632 829 2684 Corayus
857 2638 896 2671 et
914 2632 1121 2671 Porsonus
1151 2634 1439 2685 conexerunt,
1471 2627 1582 2680 quod

155 2684 397 2740 recepimus.
430 2688 472 2727 οἰ
502 2686 572 2728 καὶ
599 2687 717 2740 Vulg.
751 2688 930 2742 Sylburg³
920 2689 996 2727 rius
1019 2685 1184 2727 volebat
1207 2678 1241 2741 ᾧ
1259 2683 1328 2725 καὶ
1347 2687 1435 2737 cui,
1468 2685 1581 2739 quod

157 2743 346 2796 placebat
362 2745 531 2798 Corayo.
567 2743 757 2786 Kuhnius
781 2746 1038 2798 confugiebat
1064 2743 1115 2783 ad
1133 2742 1490 2816 transpositionem
1510 2743 1581 2784 καί

161 2801 204 2843 οἱ
220 2809 256 2841 et
272 2803 354 2845 illi.
411 2802 462 2843 In
485 2803 607 2845 vind.
627 2817 674 2843 ac
695 2804 825 2859 Mosq.
852 2811 913 2846 est
929 2803 1001 2848 καὶ
1026 2801 1070 2845 οἱ
1095 2801 1189 2854 καὶ,
1218 2801 1329 2842 unde
1347 2802 1581 2858 sciipsimus

1230 2870 1295 2910 12
