1676 3172
146 250 236 302 246
617 217 1117 295 ADNOTATIONES

135 363 394 405 ‘rodoti1.c.
416 365 623 417 ingeniose
652 365 866 419 opinatur,
896 363 1108 404 Rhoecum
1131 363 1220 404 istis
1241 365 1285 406 in
1303 365 1407 406 Iocis
1427 366 1580 406 Pausa-

96 461 100 466 ,
151 423 244 463 niae
265 430 555 474 memoratum,
588 423 762 462 amicum
783 422 1012 474 Theodori,
1044 422 1140 462 filiis
1165 423 1248 463 suis
1279 423 1476 473 indidisse
1498 438 1581 464 no-
1660 456 1667 463 .

155 481 266 521 mina
287 481 462 522 Teleclis
497 488 536 520 et
544 454 799 551 ''Theodori,
830 487 953 534 atque
979 480 1056 520 hos
1087 495 1171 521 esse
1196 481 1388 522 Diodoro
1411 482 1581 537 aliisque

152 545 410 579 memoratos.
450 535 667 594 Θεοδωρου
689 561 745 569 --
770 535 978 607 η’γάλλετο.
1022 539 1114 579 Hoc
1144 546 1323 589 sumtum
1354 553 1407 579 ex
1428 532 1578 580 Herod.

152 595 231 648 ΙΙΙ,
263 599 342 648 41,
374 598 444 638 ubi
475 604 563 636 est·
552 596 768 653 -σφρηγὶς,
806 593 1044 651 σμαράγδου
1071 598 1198 640 λίθου
1230 598 1366 640 ἐοῦσα.
1416 598 1476 638 De
1501 597 1582 639 hac

152 655 381 708 Polycratis
415 669 571 708 gemma
602 662 766 709 plaeter
787 655 1102 708 Wesselingium
1134 656 1186 695 ad
1215 655 1367 695 Herod.
1399 654 1428 695 1.
1453 655 1494 696 d.
1527 656 1579 696 cf

153 713 489 754 Winckelmanni
512 715 620 768 Opp.
642 713 753 764 VIII,
778 716 876 757 209.
908 720 949 753 et
965 716 1063 758 246.
1115 714 1181 752 Ex
1201 712 1282 753 hoc
1303 714 1520 756 Pausaniae
1541 720 1583 753 et
1660 723 1662 725 ’

151 771 246 811 loco
258 771 458 822 Herodoti
483 774 608 811 citato
631 773 718 811 Gon
695 778 840 824 guetus
860 771 910 810 de
927 772 956 811 l’
960 772 1060 824 orig.
1082 771 1152 811 des
1171 764 1261 811 loix
1282 772 1327 812 T.
1337 772 1406 811 111.
1418 787 1469 828 Ρ.
1483 776 1584 818 142.

150 829 242 869 Par,
257 831 381 875 1758.
403 830 512 870 effici
523 837 672 885 .,putat
695 837 745 869 ut
766 836 883 869 sexto
907 831 1069 870 saeculo
1090 831 1175 871 fere
1195 829 1335 870 medio
1351 836 1446 872 ame
1457 829 1579 870 Chii-

152 893 260 927 stum
282 888 519 928 Theodorus
539 889 620 929 1101
622 889 750 939 uerit,
782 889 961 942 aequalis
975 884 1216 954 Polycratis.
1273 888 1426 928 Eadem
1445 894 1580 934 autem

152 960 233 999 qua
253 946 490 998 Polycrates
513 953 642 987 aetate
663 946 924 987 Theodorum
947 947 1120 998 vixisse,
1151 946 1217 986 his
1237 947 1340 987 locis
1367 960 1454 986 non
1476 960 1580 1000 pro-

148 1003 283 1049 batur.
321 1005 478 1044 Plinius
498 1006 664 1071 quidem
686 1005 868 1056 XXXV,
891 1009 962 1050 43.
986 1003 1108 1060 (12.)
1133 1005 1208 1044 ait.
1258 1006 1403 1056 „Sunt
1436 1004 1504 1058 qui
1536 1004 1582 1044 in

153 1063 274 1101 Samo
299 1063 456 1117 plimos
478 1064 662 1103 omnium
683 1064 921 1117 plasticen
909 1062 1114 1103 invenisse
1136 1035 1347 1102 Rhoecum
1380 1069 1421 1102 et
1445 1062 1582 1103 Theo-

149 1118 299 1161 dmum
317 1122 503 1172 tradant,
534 1123 664 1161 multo
690 1129 783 1160 ante
803 1121 1051 1163 Bacchiadas
1077 1121 1274 1160 Corintho
1294 1120 1492 1174 pulsos.“
1522 1115 1579 1160 Hi

146 1192 247 1218 velo
273 1179 470 1219 Co1intho
494 1180 615 1220 eiecti
636 1187 733 1219 sunt
752 1195 774 1218 a
798 1181 971 1234 Cypselo
996 1181 1061 1220 Ol.
1086 1180 1246 1230 XXIX,
1270 1183 1318 1223 2.
1335 1192 1407 1219 seu
1428 1181 1523 1224 663.
1546 1185 1583 1220 a.

149 1236 192 1275 C.
234 1237 292 1276 De
322 1237 529 1277 Theodoro
565 1239 616 1277 cf.
651 1238 772 1277 etiam
793 1238 1124 1278 Winckelmanni
1157 1237 1395 1308 0pp.V111.
1423 1251 1465 1291 Ρ.
1483 1241 1585 1283 333.

146 1300 187 1333 ct
206 1294 359 1347 Meyeri
378 1295 486 1336 Hist.
517 1303 591 1336 art.
623 1295 699 1336 int.
723 1297 865 1336 Graec.
884 1296 962 1348 ΙΙΙ,
996 1299 1092 1340 119.
1129 1292 1198 1338 ἐπ’
1228 1290 1438 1350 αὕτῆς-
1459 1290 1584 1350 η’γάλ-

144 1355 234 1395 λετο
255 1353 447 1405 Vulgata,
489 1369 563 1394 nos
587 1354 825 1406 scripsimus
849 1351 919 1396 ἐπ’
949 1351 1077 1411 αὐτῇ,
1107 1361 1156 1393 ut
1177 1352 1509 1394 Hemsterhusius
1530 1352 1584 1393 ad

143 1409 288 1450 Thom.
308 1411 410 1464 Mag.
431 1414 523 1465 125
527 1418 599 1451 ‚et
616 1411 912 1452 Valckenarius
936 1412 989 1450 ad
1012 1396 1163 1451 Herod.
1185 1411 1356 1468 1112415
1385 1410 1467 1450 iam
1484 1424 1582 1450 coi-

56 1514 59 1517 ,
143 1475 354 1508 rexerunt.

259 1525 302 1580 §2
331 1531 373 1572 6
431 1522 586 1569 Ἰόλαον
611 1523 687 1580 μὲν
705 1548 764 1557 -—
769 1523 980 1579 ’Ἕλληνες
1011 1527 1121 1566 idem
1144 1533 1204 1566 est
1225 1514 1267 1577 I,
1301 1530 1378 1578 19,
1399 1501 1464 1572 3.
1486 1522 1582 1579 Ἰφι-

142 1586 246 1638 κλῆς
268 1607 320 1615 -·
340 1584 523 1638 ἔθαψαν.
563 1583 698 1624 Aliter
715 1583 921 1623 Diodorus
944 1584 1024 1623 Sic.
1042 1585 1120 1635 IV,
1145 1589 1224 1634 38,
1255 1585 1326 1624 ubi
1347 1598 1388 1625 v.
1409 1585 1581 1626 Wessel.
1587 1616 1589 1621 ,

145 1642 311 1698 ε’κτορος
330 1657 407 1697 pro
421 1640 621 1698 ’Ἀκτορος
653 1648 694 1681 et
719 1642 915 1696 Μολίνης
936 1656 1013 1696 pio
1037 1637 1259 1695 Μολιόνης
1277 1643 1407 1697 Mosq.
1436 1646 1583 1685 καλου-

145 1699 284 1755 μένων
304 1724 363 1732 --
384 1701 556 1755 μητέρος
580 1701 739 1739 seilicet
763 1701 1032 1742 Μολιονιδων
1057 1706 1106 1739 ut
1125 1700 1184 1751 V,
1208 1704 1249 1743 2.
1269 1708 1375 1742 extr.

262 1757 303 1812 ᾗ.
335 1763 375 1803 7.
437 1761 554 1801 Θεῶν
574 1782 629 1788 -
651 1755 834 1812 μαλιστα.
872 1758 1063 1798 Pariter·
1051 1773 1096 1796 1n
1117 1758 1257 1797 vicina
1277 1759 1380 1799 urbe
1402 1757 1583 1806 Nonacri

142 1816 373 1858 Mercurius
390 1817 614 1871 praecipuo
642 1816 845 1869 gaudebat
875 1817 1015 1868 cultu,
1057 1817 1128 1870 qui
1160 1816 1258 1856 inde
1281 1814 1583 1872 Νωνακριᾶτης
1662 1848 1664 1850 -

142 1872 243 1925 θεὸς
264 1875 417 1915 dicitur
437 1874 704 1928 Lycophroni
719 1877 816 1918 680-
846 1872 1022 1930 Εὔχειρ*
1055 1875 1106 1914 de
1127 1881 1234 1927 arte,
1264 1875 1310 1916 in
1334 1890 1415 1929 qua
1441 1876 1588 1923 excel*

142 1933 247 1985 luit,
276 1934 428 1974 nomen
450 1935 630 1984 factum,
660 1939 709 1972 ut
735 1932 1034 1986 Chersiphron,
1071 1932 1393 1986 Clzeirisoplzus,
1429 1935 1583 1986 Eupa-

144 1992 302 2032 lamus.
345 1991 469 2041 Quod
488 1991 541 2031 ad
563 1992 736 2031 formam
760 1990 926 2042 attinet,
958 1991 1105 2030 similia
1125 1991 1327 2031 vocabula
1345 1990 1466 2031 affert
1487 1993 1582 2031 Ste-

143 2050 310 2104 phanus
334 2050 433 2104 Byz.
453 2063 493 2091 v.
515 2048 669 2104 Βέχειρ.
709 2049 773 2088 Ab
793 2048 873 2088 hoc
896 2056 1031 2088 autem
1056 2048 1195 2088 differt
1215 2047 1418 2104 Εὕχειρος
1441 2049 1517 2099 VI,
1536 2051 1579 2100 4,

144 2113 187 2152 2.
208 2114 475 2159 memoratus,
510 2107 774 2158 Corinthius,
800 2120 928 2160 quum
949 2106 1022 2146 hic
1040 2113 1181 2147 noster
1199 2107 1468 2153 Atheniensis
1487 2108 1582 2147 fue-

138 2167 215 2208 vrit.
245 2167 367 2208 Pater
383 2166 471 2207 eius
489 2164 724 2206 Eubulidas
744 2166 916 2205 fortasse
932 2165 1004 2204 ille
1023 2171 1085 2204 est
1100 2166 1317 2206 statuarius
1328 2196 1340 2217 ,
1372 2165 1445 2219 qui
1464 2179 1580 2205 com-

143 2231 398 2265 memoratur
428 2224 549 2276 1,2‚
580 2227 623 2269 4.
675 2224 734 2263 De
762 2223 935 2276 Myrtilo
962 2223 1172 2264 reiicimus
1194 2224 1248 2264 ad
1266 2224 1343 2276 VI,
1365 2226 1444 2276 20,
1467 2227 1507 2268 8
1539 2230 1582 2264 et

144 2282 204 2323 ibi
237 2284 443 2324 adnotata.
485 2282 536 2322 de
561 2288 687 2336 patre
710 2283 916 2321 Mercurio
940 2283 1062 2322 Sturz
1090 2281 1144 2322 ad
1173 2282 1341 2324 Pherec.
1370 2296 1412 2337 p.
1435 2284 1505 2326 99.
1537 2288 1581 2321 et

144 2339 279 2395 Intrp.
314 2341 367 2381 ad
386 2335 913 2412 Hyg-fab.84.112'wsiysvo
946 2355 968 2382 ο
992 2340 1208 2395 Μυρτίλος
1225 2362 1286 2370 -
1305 2337 1380 2391 τὰς
1404 2340 1578 2388 ἵππους·

146 2400 422 2440 scribendum
442 2398 644 2452 quispiam
662 2405 784 2452 putet
803 2396 972 2471 η’πειγεν
991 2396 1015 2441 ὁ
1026 2401 1165 2454 Μυρτ.
1185 2420 1244 2428 -
1266 2395 1339 2448 τοὶς
1359 2398 1424 2441 ἵπ.
1449 2411 1580 2450 quum

145 2458 424 2499 Phavorinus
435 2455 569 2508 dicat,
612 2456 759 2510 ἔπείγω
791 2451 949 2511 ἕτερον,
987 2456 1200 2528 ἐπείγομαι
1227 2454 1273 2498 δὲ
1302 2451 1576 2510 ἆμεταβάτως.

147 2517 230 2556 Sed
250 2515 509 2569 Thucydides
533 2515 655 2555 etiam
673 2515 749 2565 VI,
780 2517 875 2558 100.
905 2514 1034 2554 dixit:
1074 2531 1152 2583 την
1181 2515 1444 2573 περιτείχισιν
1473 2513 1578 2555 ἐπει-

146 2570 326 2640 Y5b⁴²v0⁶5
375 2574 425 2613 In
445 2572 575 2626 Mosq
597 2579 660 2612 est
679 2568 951 2621 κατικόντιζεν
978 2578 1019 2611 et
1041 2568 1240 2627 ηνιόχειν.
1290 2570 1468 2612 Auctore
1488 2571 1576 2610 Eu·-

143 2633 279 2686 ripide
307 2633 355 2688 in
383 2632 518 2672 orest.
547 2634 646 2675 993.
690 2631 843 2684 Pelops
870 2630 1094 2682 Myrtilum
1119 2646 1138 2668 e
1165 2631 1358 2671 Gentes-to
1379 2629 1578 2671 Euboeae

138 2685 426 2744 promontorio
455 2691 502 2728 in
531 2704 644 2728 mare
674 2687 830 2728 deiecit.
879 2691 1080 2730 Φενεᾶται
1099 2711 1157 2719 -
1183 2683 1341 2741 θάψαι.
1390 2688 1439 2728 Id
1469 2701 1576 2740 quo-

146 2749 270 2789 modo
292 2749 517 2788 Pheneatae
539 2747 770 2800 potuer-int,
801 2747 964 2798 longius
990 2761 1012 2785 a
1043 2747 1146 2787 mari
1173 2747 1394 2799 distantes,
1426 2745 1576 2796 dicere,

145 2806 332 2860 equidem
352 2821 438 2848 non
464 2806 594 2860 capio.
622 2801 769 2859 ψαθαι
793 2819 869 2860 pro
889 2801 1035 2859 θάψαι
1056 2805 1182 2858 Moeq.
