1682 3172
180 231 271 276 474
563 200 565 202 ’
699 229 1082 273 ΑΡΚΑΛΙΚΑ

177 343 404 404 ’Λρκᾶδων
444 341 626 402 κοινήν·
675 342 878 390 ἐνταῦθα
926 342 1048 397 ἐστιν
1088 343 1267 404 ἄγαλμα
1298 340 1597 406 Ἡρακλέους·

177 415 414 472 πεποίηται
454 412 503 458 δέ
545 415 589 460 οἱ
618 414 689 460 ἐπὶ
716 419 800 461 τοῦ
829 419 978 474 μηροῦ
1006 411 1187 474 τραῦμα
1217 412 1307 461 ἀπὸ
1335 420 1415 477 τῆς
1442 415 1598 478 μάχης,

175 484 233 545 ἢν
260 487 442 543 πρῶτον
464 481 788 539 Ἱπποκόωντος
816 492 912 539 τοῖς
933 487 1089 532 παισὶν
1106 485 1358 546 ἐμαχέσατο.
1418 487 1499 545 (4)
1534 483 1597 532 Τὰ

177 555 225 601 δὲ
265 556 431 613 χωρίον
466 553 518 599 vo*
560 553 757 614 ὑψηλὸν,
809 554 886 615 ἐφ’
920 551 976 602 οὗ
1005 557 1081 603 καὶ
1111 559 1157 603 οἱ
1184 557 1330 616 βωμοὶ
1362 556 1598 616 Τεγεάταις

175 625 289 671 εἰσὶν
317 626 362 670 οἱ
390 623 572 679 πολλοὶ,
622 629 823 671 καλεῖται
853 626 936 684 μὲν
965 627 1078 682 Διὸς
1107 630 1332 684 Κλαρίου·
1381 629 1494 686 δῆλα
1534 627 1596 682 δὲ,

175 695 239 749 ὥς
279 695 450 754 ἐγένετο
491 693 519 754 ἡ
563 694 789 754 ἐπίκλησις
830 701 894 757 τῷ
931 701 1028 757 θεῷ
1066 702 1150 744 τοῦ
1179 698 1351 758 κλήρου
1380 701 1472 744 τῶν
1498 699 1597 744 παί-

172 768 268 812 δων
297 767 444 812 εἵνεκα
470 768 562 810 τῶν
584 763 813 824 Ἀρκάδος.
874 767 1036 826 ἄγουσι
1065 769 1114 814 δὲ
1144 767 1303 828 ἑορτὴν
1332 765 1498 815 αὐτόθι
1523 770 1598 815 Te-

170 840 325 896 γεᾶται
354 835 466 882 κατὰ
497 835 614 889 ἔπτυς’
662 838 740 882 καί
771 849 926 896 σφισιν
954 838 1305 901 ἐπιστρατεῦσαι.
1322 839 1596 898 Λακεδαιμο-

169 909 300 961 νίους
328 906 426 953 τότε
456 905 547 953 ὑπὸ
575 905 657 952 τὸν
685 906 849 964 καιρὸν
877 912 958 968 τῆς
987 909 1146 969 ἑορτῆς
1170 909 1373 969 λέγουσι,
1399 909 1477 956 καὶ
1506 904 1595 969 (νῦ-

170 993 276 1035 φειν
303 975 390 1034 γὰρ
420 975 502 1022 τὸν
529 976 666 1035 θεὸν)
698 977 805 1031 τούς
837 978 919 1037 μὲν
950 979 1132 1038 ῥιγοῦν,
1163 981 1238 1027 καὶ
1269 979 1404 1035 ὄντας
1429 980 1479 1026 ἐν
1500 984 1596 1033 τοῖς

169 1047 327 1101 ὅπλοις
371 1046 578 1106 κάμνειν·
620 1045 750 1093 αὐτοὶ
790 1049 838 1095 δὲ
876 1050 1059 1095 ἐκείνων
1095 1049 1253 1110 κρύφα
1291 1055 1384 1108 πῦρ
1413 1051 1593 1106 καῦσαι,

101 1132 103 1134 ’
166 1118 266 1172 καὶ,
300 1115 357 1171 ὡς
388 1116 475 1162 οὐκ
502 1116 790 1176 ἠνωχλοῦντο
817 1119 909 1166 ὑπὸ
937 1124 1023 1166 τοῦ
1046 1125 1259 1180 κρυμοῦ,
1295 1121 1352 1168 τὰ
1380 1120 1498 1168 ὅπλα
1527 1120 1594 1167 ἐν-

167 1186 325 1242 δύντες
357 1187 552 1242 ἐξελθεῖν
587 1205 634 1234 τε
675 1189 746 1234 ἐπὶ
774 1190 883 1244 τούς
915 1193 1329 1250 Λακεδαιμονίους,
1368 1191 1445 1238 καὶ
1474 1195 1596 1250 σχεῖν

165 1257 215 1304 ἐν
246 1262 310 1316 τῷ
339 1258 455 1318 ἔργῳ
485 1258 625 1303 πλέον
665 1262 818 1316 φασίν.
881 1261 958 1318 (5)
987 1259 1273 1320 Ἑθεασάμην
1301 1261 1350 1308 δὲ
1375 1260 1452 1307 καὶ
1479 1259 1593 1306 ἄλλα

164 1329 216 1374 ἐν
249 1329 386 1388 Τεγέᾳ
414 1329 597 1375 τοσάδε·
627 1327 784 1375 Ἀλεοῦ
814 1332 965 1376 οἰκίαν
993 1332 1068 1377 καὶ
1098 1330 1280 1390 Ἐχέμου
1309 1335 1487 1393 μνῆμα,
1515 1330 1593 1376 καὶ

164 1399 517 1459 ἐπειργασμένην
548 1400 592 1452 ἐς
622 1399 787 1459 στήλην
815 1405 900 1446 τοῦ
924 1399 1109 1459 Ἐχέμου
1139 1400 1221 1460 τὴν
1247 1400 1362 1460 πρὸς
1385 1400 1468 1448 τὸν
1490 1399 1592 1447 ’Ὑλ-

163 1473 248 1515 λον
277 1468 440 1528 μάχην.
495 1469 545 1516 ἐκ
580 1469 741 1528 Τεγέας
772 1471 820 1516 δὲ
849 1470 965 1516 ἰόντι
993 1471 1038 1525 ἐς
1066 1471 1148 1530 τὴν
1175 1471 1466 1530 Λακωνικὴν,
1496 1471 1592 1518 ἔστι

162 1540 245 1599 μὲν
274 1538 446 1599 βωμὸς,
487 1539 536 1584 ἐν
569 1536 780 1600 α’ριστερᾷ
809 1544 886 1599 τῆς
914 1539 1050 1595 ὁδοῦ,
1093 1540 1271 1596 Πανὸς,
1312 1541 1405 1588 ἔστι
1435 1541 1483 1588 δὲ
1512 1541 1590 1587 καὶ
1632 1595 1636 1601 ,

162 1612 370 1657 Λυκαίου
409 1607 542 1664 Διός·
585 1611 779 1656 λείπεται
819 1611 867 1658 δὲ
904 1611 980 1657 καὶ
1019 1612 1208 1670 θεμέλια
1246 1614 1396 1671 ἱερῶν.
1457 1605 1590 1657 οὗτοι

164 1768 420 1795 communem
437 1753 644 1794 Arcadum
671 1755 809 1794 focum
837 1760 999 1793 vocant.
1058 1755 1131 1795 Est
1158 1755 1218 1796 ibi
1234 1755 1426 1796 Herculis
1456 1738 1587 1795 siinu-

159 1826 337 1865 lacrum:
390 1826 434 1865 in
464 1826 616 1865 femore
648 1825 819 1864 cicatrix
850 1825 1051 1877 cernitur,
1091 1840 1143 1866 ex
1172 1827 1365 1878 vulnere,
1404 1826 1514 1879 quod.
1542 1825 1586 1865 in

160 1896 294 1950 prima
318 1911 411 1935 cum
435 1896 732 1950 Hippocoontis
758 1895 852 1934 filiis
877 1895 1136 1935 dimicatione
1155 1896 1324 1950 accepit.
1385 1892 1464 1950 (4)
1497 1896 1589 1939 ,Ex—

163 1967 309 2006 celsior
341 1967 507 2020 quidam
537 1966 674 2017 vicus,
717 1966 762 2004 in
793 1980 872 2018 quo
906 1966 1135 2019 complures
1164 1966 1355 2018 Tegeatae
1389 1979 1479 2004 aras
1506 1964 1584 2004 ha-

160 2037 278 2089 bent,
312 2036 436 2077 Clarii
465 2036 618 2076 dicitur
640 2035 774 2075 Iovis:
818 2050 1042 2088 cognomen
1065 2035 1326 2093 manifestum
1348 2041 1408 2074 est
1438 2049 1463 2074 a
1491 2049 1583 2075 sor-

160 2107 308 2146 titione
338 2107 508 2147 Arcadis
547 2107 728 2147 filiorum
759 2106 942 2145 ductum.
999 2106 1139 2146 Festos
1171 2106 1254 2145 dies
1285 2106 1502 2159 quotannis
1534 2121 1582 2146 eo

159 2177 204 2220 in
234 2178 325 2216 loco
358 2177 514 2229 agitant
543 2179 756 2231 Tegeatae:
798 2191 846 2216 ac
876 2176 1215 2217 Lacedaemonios
1247 2176 1431 2229 quidem,
1466 2175 1518 2216 ed
1541 2191 1582 2217 se

161 2263 274 2288 sacro
318 2249 549 2302 occupatis»¹
599 2262 704 2293 cum,
737 2248 918 2288 exercitu
965 2248 1066 2287 fines
1103 2246 1297 2286 invasisse
1333 2254 1580 2287 memorant:

162 2321 293 2358 malta
330 2333 428 2359 vero
470 2333 598 2371 quum
635 2333 678 2358 se
715 2318 940 2358 effunderet
977 2333 998 2358 e
1029 2318 1139 2357 caclo
1168 2317 1266 2376 nix?
1304 2332 1404 2371 prae
1432 2317 1582 2370 frigore

160 2388 297 2428 hostes
326 2389 504 2442 graviter
545 2388 620 2429 sub
655 2389 784 2429 'armis
824 2389 1045 2429 laborasse:
1093 2388 1246 2428 interea
1276 2402 1318 2427 se
1349 2389 1455 2428 clam
1482 2388 1579 2439 illis,

160 2458 272 2509 ignes
304 2460 553 2512 accendisse3
591 2473 772 2513 moxque
800 2460 961 2513 frigoris
983 2459 1244 2499 incommodo
1263 2458 1478 2508 liberatos,
1510 2472 1581 2497 ar—

160 2528 238 2567 mis
268 2530 440 2583 arreptis
470 2530 582 2570 host-i
611 2529 859 2581 oemurisse3
890 2530 1149 2583 victoresque
1175 2529 1415 2582 paulopost
1433 2542 1579 2568 rever-

159 2598 266 2637 tjssc.
313 2600 579 2654 Conspicatus
610 2606 650 2639 et
678 2599 757 2638 alia
773 2601 924 2652 Tegeae
945 2614 1054 2651 sum,
1085 2599 1175 2639 Alei
1194 2599 1377 2650 domum,
1407 2598 1579 2639 Echemi

160 2670 415 2721 sepulerum,
458 2671 495 2710 ei
522 2671 567 2710 in
594 2671 680 2725 pila
708 2669 877 2709 incisam
904 2668 1076 2720 >Echeini
1112 2684 1204 2709 cum
1231 2669 1358 2722 Hyllo
1386 2657 1576 2724 pugnam.

161 2736 240 2792 (5)
271 2738 306 2777 A
335 2740 461 2792 Tegea
497 2742 542 2781 in
571 2741 819 2782 Laconicum
848 2754 990 2793 agrum
1017 2740 1299 2798 pergeiitibu5‚
1339 2739 1394 2780 ad
1420 2740 1575 2782 laevam

160 2809 250 2849 viae
280 2816 340 2850 est
368 2812 497 2853 Panos
528 2828 615 2854 ara:
656 2819 720 2855 est
749 2811 868 2854 etiam
897 2811 1007 2853 Iovis
1029 2811 1187 2866 Lycaei.
1246 2811 1414 2852 Restant
1440 2809 1575 2850 adhuc
