1676 3172
451 246 541 288 An
567 245 684 287 LIB.
723 244 827 288 vm.
870 245 1015 288 ..cAP
1052 245 1119 287 m.
1417 248 1507 292 209

4 378 5 383 ¹
72 355 175 407 mox
194 369 236 405 et
253 377 343 418 cap.
359 367 439 416 27,
460 367 501 409 3.
529 367 799 414 memoratur,
829 360 1037 434 appellata
1055 361 1124 404 sit.
1176 360 1303 417 Apud
1324 361 1503 434 Stepha-
1546 391 1549 394 -

72 421 173 465 min
190 422 289 476 Byz.
318 428 397 463 est:
438 422 616 473 Δασέαι,
645 416 768 470 πόλις
792 415 1032 476 Αρκαδική·
1071 423 1318 471 Παυσανίας
1348 417 1502 479 ογδόω·

101 494 177 524 une
194 474 329 521 forma
346 480 555 534 reperitur
576 479 697 520 etiam
726 480 838 533 apud
854 480 1094 520 Pausaniam
1114 493 1203 533 cap.
1225 483 1305 531 36,
1328 483 1370 524 4.
1406 479 1503 520 Hoc

70 495 215 581 anian
237 552 325 579 ιιοιι
344 539 442 579 satis
467 553 605 578 secum
632 544 897 591 reputaverat
913 538 1227 590 Valckenarius,
1257 538 1303 578 in
1329 538 1502 580 sincem

69 583 226 641 “
258 610 352 638 voc.
378 593 569 651 Ἐλεάτης
601 596 657 636 ad
680 596 852 636 Theocr.
877 596 1013 637 Adon.
1045 611 1088 652 p.
1118 600 1218 641 248.
1255 596 1363 636 adde
1388 594 1503 650 quod

69 583 226 756 ξιιίιιῐωιι
233 661 332 710 post
366 656 421 695 ad
452 669 544 695 voc.
574 651 714 697 Δασέα
746 655 1023 696 adnotabitur.
1076 652 1265 706 Θνωκός,
1308 656 1503 697 Θνωκίαν

108 714 261 770 ulgata.
302 713 462 768 Scripsi
493 716 680 764 Θῶκνος,
713 714 906 756 Θωκνίαν
934 720 1028 752 tum
1061 726 1085 752 e
1114 727 1203 767 cap
1227 717 1307 764 27,
1335 718 1385 764 3,
1425 713 1502 753 ubi

8 780 10 782 ’
71 774 277 824 Θωκνεῖς,
298 779 341 812 et
361 787 448 826 cap·
468 775 538 823 29,
554 774 596 822 4,
625 771 713 810 ubi
720 773 912 814 Θωκνίαν
928 795 984 802 --
1001 768 1049 813 τὸ
1067 787 1198 825 ονομα
1218 766 1303 813 ἄπο
1326 767 1503 814 Θώκνου

0 846 2 849 ·
68 833 147 874 τοῦ
156 826 387 880 Λυκάονος
405 830 599 882 legimus,
628 836 720 869 tum
739 843 761 869 e
779 829 986 901 Stephano
1005 830 1104 883 Byz.
1125 829 1200 882 qui
1219 828 1302 870 hoc
1318 842 1372 869 ex
1387 830 1503 870 Pau-

68 889 186 931 sania
201 889 383 960 profert:
412 885 618 939 eduma,
649 884 765 938 πόλις
782 883 1018 958 Ἀρκαδίας,
1041 884 1124 929 ἄπο
1145 883 1340 930 Θωκνου·
1382 890 1504 930 Παυ-

71 947 219 997 σανίας
245 942 390 1005 tirocino.
426 945 453 990 ὅ
480 947 671 1000 πολίτης,
701 942 908 996 Θωκνευς.
967 946 1059 986 Ηοο
1086 946 1241 986 rectius
1266 959 1371 998 esse,
1402 947 1504 1000 Syl-

68 1005 240 1058 bin-gius
273 989 361 1046 iam'
392 1011 621 1045 monuerat.
680 1004 804 1054 Quod
837 1004 950 1058 apud
980 1004 1152 1044 Suidam
1189 1010 1251 1044 est
1280 1000 1503 1058 Θωκλειον,

69 1080 203 1118 ονομα
220 1059 347 1106 τόπου
363 1063 409 1102 ιιι
428 1077 476 1103 eo
494 1064 661 1103 videtur
681 1059 871 1105 Θωκνεια
889 1064 1028 1102 latere.
1058 1058 1143 1105 από
1163 1058 1314 1105 τούτου
1333 1085 1393 1093 -—
1416 1063 1504 1105 ἐπί-

67 1125 230 1176 κλησιν.
265 1121 326 1162 De
342 1122 545 1162 Mercurii
561 1121 644 1162 hoc
663 1121 903 1174 cognomine
924 1122 975 1160 cf.
995 1122 1062 1161 Fr.
1082 1121 1131 1160 A.
1150 1120 1325 1160 Wolfius
1341 1121 1395 1160 ad
1412 1121 1503 1161 He—

68 1180 178 1221 siodi
187 1179 336 1249 Thepg.
346 1183 447 1224 614.
468 1180 540 1220 sed
557 1194 643 1219 non
657 1179 900 1219 Pausanias
889 1193 996 1232 lpse,
1014 1193 1163 1219 verum
1178 1179 1357 1219 Arcades
1378 1175 1500 1237 (λᾶγῳ

68 1242 130 1296 τῷ
161 1234 391 1294 Ἀρκάδων·
440 1238 553 1292 quod
587 1253 674 1277 non
710 1235 1143 1292 praetermittendum)
1173 1236 1256 1277 hoc
1291 1223 1492 1279 dixerunt

68 1297 221 1342 Eadem
252 1303 314 1344 est
343 1297 678 1351 interpretandus
698 1296 860 1336 ratione
885 1297 1003 1336 locus
1027 1311 1117 1350 cap.
1141 1299 1222 1345 36,
1243 1300 1296 1346 6,
1326 1296 1401 1335 ubi
1420 1297 1505 1337 hoc

68 1355 222 1409 legitur
255 1354 479 1409 epitheton.
518 1353 713 1396 Ὲλίσσων
746 1355 940 1407 Vulgata,
983 1368 1112 1407 quum
1144 1354 1388 1407 Sylbusgius
1419 1355 1505 1395 iam

69 1412 336 1464 ostendisset,
366 1419 583 1452 accentum
611 1412 657 1453 ιιι
687 1412 875 1452 ultimam
906 1412 1204 1466 proferendum
1230 1426 1343 1464 esse,
1384 1423 1433 1453 ut
1456 1413 1505 1453 ιιι

63 1467 307 1526 Τισαμενός.
344 1471 470 1511 Recte
491 1470 685 1510 scribitur
704 1485 793 1525 cap.
804 1475 884 1523 30,
909 1475 948 1516 1.
969 1475 1011 1515 2.
1040 1471 1090 1524 V,
1114 1475 1157 1522 7,
1185 1475 1224 1515 1.
1252 1472 1353 1511 Post
1371 1467 1506 1514 (5σαῦ-

33 1578 36 1579 ⁷
66 1540 149 1580 τως
177 1530 307 1582 Mosq.
339 1545 383 1571 τε
413 1529 571 1568 inserit.
612 1530 836 1585 Μακαρία·
875 1529 939 1569 sic
959 1536 1001 1568 et
1022 1544 1111 1584 cap.
1131 1534 1213 1583 27,
1237 1533 1279 1574 3.
1309 1529 1382 1569 sed
1404 1533 1506 1572 Μα-

67 1586 215 1643 καρὲαι
236 1601 326 1660 cap.
347 1590 426 1639 36,
451 1591 491 1631 6
519 1594 738 1640 unamque
770 1589 943 1627 formam
963 1588 1197 1642 Stephanus
1200 1561 1317 1654 ’.Β-’γι
1343 1588 1504 1629 confir—

68 1652 167 1690 mat.
193 1644 353 1687 Δασέα·
393 1646 612 1686 Amasaeus
632 1644 757 1686 habet
776 1647 907 1685 Elea:
942 1646 1015 1686 sed
1038 1646 1317 1700 Sylburgius
1303 1660 1386 1685 iam
1408 1661 1504 1686 mo-

69 1704 183 1755 nuit,
220 1704 375 1743 inverti
407 1704 592 1744 Amasaei
628 1705 909 1744 coniecturam
938 1718 1082 1758 posse,
1124 1710 1175 1744 ut
1206 1718 1282 1758 pro
1315 1700 1507 1756 Ἐλεάτας

69 1769 296 1817 reponatur
313 1758 537 1812 Δασεάτας.
583 1763 759 1802 Homeri
780 1764 897 1803 locus
919 1763 971 1803 'de
994 1762 1254 1802 Orchomeno
1276 1760 1503 1820 πολυμήλῳ

71 1827 135 1861 est
152 1820 270 1861 Iliad·
285 1820 338 1871 11,
358 1824 457 1866 605
483 1818 570 1863 ’ὕπο
588 1818 634 1862 δὲ
655 1820 888 1873 ’Τψοῧντος
906 1820 978 1863 καὶ
996 1822 1230 1862 Μελαινεαί
1249 1837 1293 1863 τε
1315 1806 1506 1876 §ntia-3⁷}

5 1927 8 1929 ,
71 1892 151 1922 σαν
172 1878 244 1920 καὶ
263 1877 446 1931 Ὑψοῦς,
477 1879 535 1921 ἔτι
559 1875 744 1939 Θύραιόν
758 1895 800 1922 τε
816 1875 910 1921 κατ’
932 1878 1015 1934 ἐμέ.
1054 1879 1253 1932 Vulgata,
1283 1879 1368 1918 nisi
1390 1880 1506 1933 quod

69 1937 167 1977 Ald.
178 1937 341 1977 Francf.
352 1937 492 1979 Kuhn.
514 1937 668 1977 habent
682 1936 936 1989 Μελεναῖαἱ,
963 1938 1077 1990 quod
1100 1938 1344 1991 Sylburgius
1367 1952 1388 1976 e
1413 1953 1503 1993 cap.

67 1999 142 2047 26,
166 1996 208 2040 5.
239 1997 442 2046 correxit,
472 1996 578 2036 adde
600 1996 649 2046 V,
672 2000 713 2048 7,
741 2001 779 2040 1.
819 1996 943 2050 Apud
965 1995 1220 2051 Stephanum
1240 1996 1394 2048 legitur
1412 1996 1523 2039 Μὲ--

67 2057 210 2101 λαιναι
231 2060 272 2094 et
292 2053 339 2093 in
360 2053 510 2094 Rhiani
530 2054 758 2106 versiculo,
791 2069 911 2108 quem
940 2055 1011 2094 ille
1041 2055 1239 2095 servavit:
1282 2055 1424 2094 forsan
1444 2056 1506 2095 ita

68 2112 435 2168 pronunciabatur.
493 2113 688 2152 Nostrum
714 2115 854 2153 locum
877 2114 1069 2152 mutilum
1091 2128 1178 2153 esse
1198 2113 1306 2153 vidit
1326 2114 1505 2167 Sylbur-

7 2215 11 2217 ‚
71 2171 181 2224 gius,
212 2176 253 2219 et
284 2171 344 2210 ita
375 2171 710 2224 interpolandum
741 2171 922 2212 censuit:
968 2169 1055 2214 ὖπὸ
1078 2170 1123 2213 δε
1154 2170 1400 2222 Μελαινέως
1432 2173 1506 2215 καὶ

69 2228 303 2282 Ὑψοῦντος
326 2230 558 2271 Μελαινεαί
577 2245 621 2271 τε
642 2230 894 2284 ἐκτίσθησαν
922 2229 994 2271 καὶ
1011 2230 1183 2284 Τψοῦς.
1245 2230 1371 2279 Quod
1399 2245 1505 2270 con-

62 2287 241 2334 *firmant
262 2287 336 2326 illa
355 2293 445 2326 tum
465 2288 720 2328 Pausaniae
707 2289 837 2343 ipsius
855 2303 895 2333 β
918 2291 998 2339 26,
1022 2289 1071 2333 5-
1114 2289 1367 2330 Μελαινεαί·
1410 2305 1507 2330 ταυ-

11 2374 15 2381 ·
70 2362 145 2396 τας
168 2343 291 2403 ᾤκισε
311 2361 387 2400 μεν
403 2344 641 2398 Μελαινευς
662 2346 686 2390 ὅ
704 2344 948 2398 Λυκάονος,
978 2353 1069 2386 tum
1083 2346 1281 2400 Stephani
1304 2347 1506 2387 Pausania

59 2410 177 2445 ,teste
195 2404 285 2444 usi:
338 2403 572 2456 Μέλαιναι,
611 2401 740 2456 πόλις
759 2402 999 2461 Ἀρκαδίας,
1039 2402 1122 2447 ἀπὸ
1154 2404 1398 2455 Μελαινέως
1429 2409 1507 2450 τοῦ

72 2458 322 2515 Δυκαονος,
353 2479 411 2512 ως
437 2465 692 2514 Παυσανίας.
734 2465 814 2503 Sed
835 2464 917 2504 hoc
936 2463 1034 2503 satis
1063 2478 1150 2503 non
1180 2470 1241 2503 est
1262 2463 1316 2502 ad
1336 2465 1506 2505 lacunas

71 2521 205 2562 nostri
224 2520 310 2561 loci
333 2521 567 2575 explendas.
616 2514 666 2562 In
690 2523 831 2563 codice
854 2522 984 2575 Mosq.
1008 2529 1048 2562 et
1076 2522 1235 2562 duobus
1254 2522 1508 2563 Florentinis

59 2579 134 2619 ,ita
152 2579 324 2632 legitur:
360 2577 515 2632 υψους.
546 2581 605 2622 ἔτι
622 2579 667 2623 δὲ
688 2582 870 2637 θυραίου
889 2596 932 2622 τε
952 2580 1023 2623 καὶ
1046 2581 1211 2635 αἵμονα.
1251 2581 1331 2620 Pro
1356 2581 1509 2636 αἵμονα

63 2637 339 2686 ,scribendum
371 2652 455 2678 esse
484 2639 685 2693 Αἱμονιαὶ
718 2655 741 2680 e
772 2654 860 2694 cap.
883 2641 962 2691 44,
994 2644 1035 2683 2.
1076 2645 1188 2679 recte
1218 2639 1510 2680 animadvertit

74 2695 236 2736 Facim.
264 2696 369 2736 adde
393 2697 589 2752 Stephani
611 2699 709 2752 Byz.
738 2698 842 2738 hoc:
886 2697 957 2740 καὶ
987 2698 1192 2752 Αἶμονία,
1223 2693 1340 2747 πόλις
1370 2694 1508 2754 Ἀρκα-

63 2754 195 2805 δίας,
233 2749 314 2797 dud
356 2755 560 2809 Αἴμονος,
601 2759 678 2799 τοῦ
711 2754 934 2807 Λυκαονος
971 2755 1138 2807 παιδός,
1179 2773 1234 2806 ως
1266 2758 1509 2807 Παυσανίας

68 2807 212 2869 ὄγδόω
234 2810 514 2871 περιηγήσεως
533 2811 755 2869 Ἑλλάδος
766 2816 877 2862 Hinc
899 2815 1023 2859 simul
1035 2815 1277 2868 Haemonis,
1307 2816 1381 2870 qui
1400 2816 1512 2857 Hae-

140 2880 337 2925 adThm.
358 2884 434 2929 III.
1201 2900 1226 2926 o
