1676 3172
157 243 241 286 190
614 221 1113 294 AD'No'rATmNES

154 357 261 396 sulla
288 369 446 408 mensa3
484 357 525 396 10
547 355 675 410 figure
697 363 860 410 segnate
882 372 1004 411 sopra
1032 357 1124 411 ogni
1152 357 1352 412 astragalo
1378 358 1516 398 hanno
1536 372 1560 399 a

150 415 260 455 bello
283 415 417 454 studio
445 415 555 454 nella
583 416 780 456 tavoletta
807 416 848 456 la
878 417 1176 470 spiegazione.“
1228 418 1375 456 Sensus
1395 416 1562 457 videtur

152 487 256 512 esse:
301 474 495 526 Singuli-s·
523 475 627 512 talis
652 476 875 527 inscriptae
903 482 1002 513 sant
1024 482 1164 525 notae,
1205 489 1313 528 quae
1341 477 1385 514 in
1410 474 1561 515 tabula

150 539 247 583 apte
265 530 417 570 habent
444 533 818 585 interpretationem
838 535 927 571 eius
956 541 1097 584 notae,
1127 547 1257 586 quam
1281 533 1467 572 talorum
1491 535 1561 571 ia-

150 597 244 627 ctas
266 589 456 629 ostendit.
491 590 549 629 ita
578 591 684 631 enim
710 591 894 644 ἐπίτηδες
922 591 1206 645 exponendum
1234 591 1446 644 putabam:
1484 605 1562 644 ge-

149 647 251 686 rade
266 647 378 686 daza
390 644 588 700 pas-send.
635 650 708 688 Sin
729 656 864 688 autem
883 649 951 690 ἐπὶ
972 648 1016 690 ὸὲ
1031 672 1088 679 -
1103 648 1357 718 γεγραμμένα
1377 649 1575 697 absolute>

148 706 625 760 11001Ρ1110,ε’χει1·01“0103
658 708 712 746 ad
743 724 765 750 ο
794 702 1011 773 χρώμενος..
1060 709 1137 747 Pro
1167 702 1350 761 σχήματα
1367 707 1413 746 111
1432 706 1560 760 Mosq.

144 770 210 803 est
229 761 409 818 σχήματι.
448 765 542 805 Vox
559 761 748 820 ἐξήγησις
774 765 846 804 hic
867 766 1034 819 proprie
1055 771 1262 818 usurpata.
1273 765 1323 804 de
1340 780 1382 804 re
1401 763 1561 805 divina.

146 835 188 862 v.
211 822 346 862 Schol.
368 823 421 862 ad
427 823 561 895 Soph
582 823 646 863 Aj.
665 827 761 868 318
782 822 826 865 δὲ
843 831 938 876 post
955 824 1128 866 σταδίων
1142 824 1270 894 Mosq.
1291 823 1438 862 omisit.

262 879 303 934 §.
331 884 371 924 7.
427 877 623 934 Ἀέναος,
647 878 812 936 ἐξόρους
827 880 1116 935 Μοε(1.ο’νομα
1133 878 1178 923 δὲ
1198 876 1309 953 αυτῷ
1326 879 1396 922 καὶ
1414 883 1474 938 τῷ
1490 896 1562 924 πο-

145 942 259 1004 ταμῷ
281 942 460 1005 Κρᾶθις.
491 939 596 981 ἔνθα
628 941 674 981 αἱ
693 939 821 997 πηγαὶ
851 943 926 982 τοῦ
957 942 1147 994 ποταμοῦ
1174 942 1231 994 τῷ
1255 937 1338 993 ’ὄρει
1370 945 1463 978 ante
1480 939 1562 978 Fa-

148 997 277 1048 cium,
310 998 382 1051 qui
404 998 569 1051 scripsit
591 994 778 1053 Κράθις,
810 1004 851 1037 01
870 1004 967 1052 post
985 998 1066 1038 hoc
1090 996 1336 1038 vocabulum
1353 996 1563 1037 minimam

146 1056 288 1108 posuit
314 1056 634 1095 distinctionem.
693 1057 773 1096 Sed
804 1060 970 1111 Κρᾶθις
1009 1055 1270 1095 scribendum
1303 1069 1408 1107 esse,
1447 1061 1564 1110 patet

147 1125 233 1152 11011
255 1120 416 1153 tantum
448 1128 500 1153 ex
527 1114 641 1166 VIII,
664 1116 740 1166 15,
765 1117 814 1166 4,
846 1115 976 1154 strab.
999 1114 1113 1166 VIII,
1135 1117 1231 1158 304.
1254 1113 1398 1153 Tzsch.
1427 1113 1563 1154 Hero-

147 1171 299 1223 (101.Ι,
331 1174 426 1217 145
456 1173 528 1212 sed
552 1172 740 1226 inprimis
771 1187 793 1212 e
823 1172 1026 1213 Theocrit.
1044 1173 1099 1224 V,
1129 1176 1196 1216 16.
1217 1175 1312 1216 124.
1342 1177 1383 1211 et
1402 1172 1561 1212 Gallim.

145 1229 186 1268 h.
219 1229 264 1269 in
289 1203 741 1284 Iov.26.Sylbu1glo
778 1232 944 1271 confusa
977 1231 1220 1271 videbantur
1247 1229 1369 1270 huius
1401 1229 1564 1301 periodi

145 1288 288 1338 verba,
329 1295 368 1327 et
395 1289 453 1328 sic
484 1303 576 1328 cum
606 1289 800 1329 Amasaeo
825 1289 1094 1330 restituenda:
1141 1287 1271 1342 ὄνομα
1295 1285 1340 1330 δὲ
1369 1284 1480 1346 avr&
1505 1291 1563 1345 τῷ

77 1343 79 1346 ’
145 1343 214 1399 ὅρε
199 1363 254 1397 ι,
286 1346 391 1387 ἔνθα
419 1347 467 1388 αἱ
492 1346 619 1400 πηγαὶ
645 1364 716 1389 του
747 1350 955 1400 ποταμοῦ,
985 1347 1056 1389 καὶ
1083 1350 1142 1406 τῷ
1165 1349 1352 1415 ποταμῷ,
1382 1349 1561 1400 Κρᾶθις.

145 1404 304 1449 Clavier
325 1404 509 1457 scripsit:
542 1403 674 1458 ὄνομα
693 1403 742 1446 δὲ
750 1401 869 1476 αὐτῷ
891 1408 949 1461 τῷ
968 1421 1136 1461 ποταμῳ
1120 1400 1337 1459 Κραθις,
1366 1403 1435 1444 καὶ
1457 1403 1562 1445 ἔνθα

145 1462 191 1502 αἰ
216 1462 344 1517 πηγαὶ
365 1466 441 1504 τοῦ
468 1466 658 1516 ποταμοῦ
673 1466 731 1521 τῷ
750 1461 854 1517 όρει,
887 1447 1027 1502 dicens
1048 1462 1156 1501 hanc
1183 1476 1270 1501 esse
1291 1461 1410 1501 codd.
1435 1465 1559 1506 1399.

146 1524 271 1564 1410.
299 1521 678 1572 1411.100110110111,
711 1522 782 1573 qui
799 1528 935 1560 tamen
959 1520 1028 1562 καὶ
1049 1521 1168 1559 etiam
1189 1521 1300 1559 inter
1317 1515 1429 1577 αὐτῷ
1445 1526 1485 1559 et
1502 1522 1578 1576 ‘1:93'

144 1579 252 1617 inser
257 1585 343 1617 tum
359 1578 523 1618 habent.
559 1579 757 1632 Equidem
777 1578 882 1620 ἔνθα
901 1579 946 1620 αἱ
962 1578 1090 1633 πηγαὶ
1109 1581 1184 1620 τοῦ
1203 1593 1371 1635 ποταμῳ
1393 1580 1454 1634 τῷ
1472 1593 1561 1633 ορει

141 1651 324 1707 pannum
350 1651 434 1676 esse
456 1637 650 1690 putabam
680 1637 728 1675 ab
754 1637 884 1676 aliena
909 1651 1035 1676 manu
1058 1643 1261 1686 assutum,
1294 1649 1374 1688 quo
1402 1650 1561 1689 prono-

141 1710 235 1735 men
265 1691 378 1737 αὕτω
403 1695 663 1735 leserendum
692 1693 783 1734 ad'
769 1692 891 1750 ὄρους
918 1691 1158 1767 Ἀρκαδικοῦ
1185 1694 1480 1746 declararet-ur,
1519 1701 1562 1734 et

143 1754 345 1794 adscitum
367 1754 486 1793 illum
505 1768 555 1792 ex
578 1753 688 1803 VIII,
716 1755 782 1803 15,
803 1757 851 1805 4,
881 1753 953 1792 111)1
974 1760 1033 1793 est
1056 1750 1169 1801 ἐντος
1187 1752 1262 1824 ἔσῃ
1273 1754 1347 1806 τῆς
1366 1748 1470 1794 οδοΰ
1486 1754 1560 1807 τῆς

142 1813 210 1855 ἐπὶ
235 1810 279 1855 τὸ
301 1810 396 1868 ὄρος
422 1808 604 1881 ἄγουσης
620 1828 696 1865 την
718 1815 900 1866 Κρᾶθιν.
942 1811 987 1853 ἐν
1009 1827 1139 1865 τουτῳ
1161 1813 1218 1867 τῷ
1241 1807 1324 1866 ὄρει
1345 1813 1421 1852 τοῦ
1439 1825 1561 1852 ποτα-

143 1875 226 1926 μοῦ
255 1874 331 1925 τῆς
355 1866 569 1926 Κράθιδός
600 1871 703 1912 εἰσιν
733 1871 780 1911 αἱ
802 1870 940 1924 πηγαί.
1000 1870 1136 1941 Quare
1162 1868 1263 1908 haee
1287 1868 1437 1908 verba
1438 1867 1559 1908 uncie

144 1930 326 1973 dis-iunxi
354 1944 376 1968 a
402 1930 560 1982 reliqua
588 1929 783 1967 clatione.
841 1929 947 1967 Ante
977 1925 1081 1982 πρός
1110 1923 1295 1981 Κρότωνι
1319 1926 1581 1979 Sylburgius.

142 1989 268 2028 inseri
285 1987 457 2027 voluit‘
438 1999 477 2030 o·
510 1987 580 2026 sed
598 2001 829 2040 quanquam
846 1987 905 2025 ita
921 1988 1115 2038 loquutus
1134 1991 1193 2024 est
1208 1984 1442 2024 Herodotus
1464 1985 1558 2024 loco

141 2062 241 2086 mox
267 2045 538 2100 profelendo,
570 2046 786 2084 Pausanias
811 2051 947 2084 tamen
974 2045 1083 2094 VIII,
1118 2031 1191 2093 15,
1218 2045 1267 2092 4,
1298 2042 1367 2082 ubi
1390 2043 1558 2083 eandem

141 2120 229 2146 rem
245 2105 416 2158 repetit,
446 2104 525 2143 1101
526 2118 594 2143 um
614 2103 752 2142 omisit
770 2103 1009 2153 articulum3
1040 2115 1117 2141 nos
1132 2073 1336 2140 si1i1ilite1:
1366 2115 1448 2141 von
1464 2099 1558 2139 die-
1620 2138 1626 2144 ,

141 2179 226 2202 sem
249 2163 424 2202 Krathis
454 2162 531 2201 hat
562 2162 671 2200 auch
703 2164 768 2200 ein
787 2160 914 2200 Fluss
942 2161 1012 2214 bey
1035 2162 1194 2199 Kroton
1220 2160 1266 2197 in
1295 2159 1448 2198 Italian
1479 2158 1559 2201 den

143 2224 307 2263 Namen
327 2221 521 2261 erlmlten.
559 2217 849 2261 Vocabulum'
834 2217 990 2272 ὄνομα,
1012 2218 1125 2271 quod
1142 2224 1239 2271 post
1253 2214 1429 2271 ποταμὸς
1447 2217 1559 2257 deest

139 2283 185 2321 in
204 2282 398 2332 Vulgata,
430 2279 574 2319 Facius
600 2292 620 2317 e
641 2279 769 2331 Mosq.
790 2278 961 2318 addidit.
999 2277 1108 2316 idem
1139 2276 1221 2315 iam
1238 2277 1433 2317 voluerat
1459 2276 1557 2329 Syl*

140 2340 319 2391 burgius.
358 2339 436 2377 Pro
453 2341 506 2394 τῇ
526 2337 570 2379 ἐν
586 2337 714 2390 Mosq.
746 2352 823 2389 την
841 2335 973 2376 habet.
1021 2335 1122 2374 Cum
1141 2340 1283 2373 nostro
1301 2334 1397 2373 1000
1414 2333 1556 2374 eonfe-

139 2399 292 2439 rendus
322 2403 382 2436 est
404 2380 518 2447 VIII,
545 2398 618 2446 15,
645 2398 694 2446 4,
734 2395 808 2434 ubi
836 2394 944 2433 idem
975 2393 1026 2432 de
1054 2393 1133 2432 hoc
1159 2398 1297 2431 monte
1328 2398 1369 2431 et
1393 2390 1558 2444 duplice

140 2457 267 2496 fluvio
296 2456 496 2504 reseltur,
528 2460 568 2492 et
598 2453 786 2522 inplimis
817 2451 1016 2492 Herodoti
1045 2451 1081 2502 I,
1112 2451 1206 2494 145.
1237 2450 1381 2504 Αἰγαί·
1433 2447 1479 2490 ἐν
1503 2450 1557 2520 τῇ

86 2543 88 2546 v
143 2509 308 2569 Κρᾶθις
336 2510 518 2566 ποταμός
549 2507 724 2560 αένναός
748 2511 849 2562 ἐστι,
881 2505 956 2552 ἄπ’
973 2506 1068 2551 ότου
1093 2508 1118 2550 ὅ
1138 2509 1182 2549 ἒν
1210 2503 1351 2565 Ἰταλίη
1377 2503 1556 2560 ποταμὸς

141 2571 184 2615 τὸ
203 2572 333 2626 ὄνομα
352 2571 448 2624 ε’σχε.
488 2571 581 2609 Huc
601 2571 770 2608 fortasse
790 2569 909 2607 etiam
936 2569 1039 2607 alter
1062 2565 1259 2621 Herodoti
1272 2566 1386 2604 locus
1406 2565 1464 2614 V,
1483 2565 1553 2608 45.

141 2632 330 2685 pertinet.
369 2627 469 2684 πρὸς
498 2627 542 2670 δὲ
568 2631 621 2685 τῇ
640 2651 693 2657 -
713 2626 891 2682 λέγουσι·
929 2626 1010 2665 hoc
1040 2638 1199 2678 quoque
1229 2623 1429 2677 repetitur
1447 2622 1553 2674 VIII,

146 2692 218 2739 15,
237 2692 276 2732 4.
305 2687 506 2727 Herodoti
526 2701 623 2726 aevo
645 2685 775 2725 adhuc
799 2685 924 2724 fuisse
945 2684 1094 2735 Aegas,
1124 2681 1369 2733 intelligitur
1390 2694 1440 2720 ex
1459 2681 1553 2720 loco

144 2747 228 2786 eius
253 2747 409 2817 piiore,
443 2744 514 2816 qui
540 2745 663 2784 modo
696 2744 841 2783 allatus
867 2748 939 2781 est.
991 2714 1188 2781 8110110110
1214 2740 1412 2779 referente
1446 2738 1551 2789 VIII,

143 2808 240 2851 386
270 2820 341 2855 τας
358 2801 490 2859 Αἰγοὶς
514 2803 572 2854 εἰς
591 2803 787 2861 Αἴγειραν
807 2796 1050 2859 συνῴκισαν.
1081 2798 1184 2840 adde
1204 2797 1256 2838 ib.
1281 2813 1321 2853 p.
1342 2800 1440 2844 387.
1451 2796 1551 2838 init.
