1676 3172
851 102 904 129 2»

163 255 247 298 188
621 233 1115 294 ADNo‘rAnonrs
1171 240 1173 246 ’

160 381 282 408 sonus
299 365 374 423 μὲν
393 374 643 424 expunctum
662 371 818 422 voluit,
850 370 921 409 sed
941 376 1081 410 utrum
1102 378 1188 408 non
1215 367 1340 420 dixit3
1378 367 1566 423 equidem

156 427 270 480 prius
292 427 579 481 expellendum
594 427 765 468 decerno
779 460 790 479 ‚
821 442 997 480 namque
1017 425 1083 466 his
1102 423 1147 469 τό
1168 424 1243 480 μὲν
1259 431 1388 481 τεῖχος
1406 448 1467 459 —·
1487 421 1567 468 οῦκ

157 481 327 526 ἐδύνατο
348 485 570 539 opponitur
588 484 690 528 nocto}
710 483 892 542 ἀνάγκην
911 484 955 526 δὲ
973 507 1030 515 -
1044 482 1120 538 τὴν
1143 480 1277 526 πόλιν.
1333 484 1425 524 Hoc
1438 489 1568 538 τεῖχος

155 542 407 582 Dodwellius
427 544 486 596 11,
512 548 560 595 2,
582 547 652 588 48.
669 546 760 584 vult
781 559 865 583 esse
884 558 969 582 11011
987 542 1100 582 urbis
1119 542 1383 595 Mycenarum
1402 541 1473 583 sed
1496 557 1567 581 ar·-

157 600 226 639 cis.
267 601 344 640 Pro
366 604 423 658 τῷ
442 601 487 644 ἐν
513 603 686 656 Τίρυνθι
709 609 770 642 est
785 606 867 643 τῶν
884 602 926 643 ἐν
952 605 1042 655 Τιρ.-
1060 601 1106 639 in
1122 600 1250 653 Mosq.
1281 642 1290 649 s
1309 601 1367 639 De
1385 599 1567 654 Mycenis

154 658 303 697 eversis
322 665 362 698 et
381 659 431 699 de
449 674 588 699 earum
602 661 811 700 moenibus
833 661 884 699 cf.
905 659 960 710 ΙΙ,
983 658 1057 710 16⁹,
1079 663 1119 702 4.
1149 654 1179 710 ἢ
1199 665 1292 697 ante
1311 655 1438 712 ἥμισυ
1460 657 1567 697 omi-

153 715 207 754 sit
221 717 348 769 Mosq.
378 715 490 773 παροῖ
506 732 583 772 pro
602 715 703 775 παρ’
721 718 844 760 habet
859 717 980 757 idem.
1012 711 1044 774 ᾧ
1063 738 1123 746 --
1142 712 1458 772 α’ππαγεῖλαιοὶ.
1479 715 1568 755 He-

152 773 242 813 rod·
261 774 372 826 VIII,
395 779 489 820 136.
519 779 614 820 140.
1450 804 1451 809 ,

267 831 309 886 5.
341 836 382 876 4.
424 832 547 876 ’Άλλο
579 849 656 889 pro
687 832 795 892 ἄλλῳ
821 834 951 887 Mosq.
988 831 1133 891 ἕςέλθῃ
1165 831 1216 881 οἲ.
1244 831 1298 871 ad
1324 844 1411 885 cap.
1428 834 1504 881 28,
1526 833 1567 874 7.

152 889 246 931 adn.
274 891 434 945 δείμασι
457 891 504 933 ἀὶ
533 891 577 934 ἐκ
598 895 680 934 τῶν
699 894 829 946 Mosq.
860 890 955 934 οὔτε
977 891 1018 942 ἐξ
1044 891 1267 945 ἐπιδρομῆς
1283 889 1398 942 sylb.
1424 888 1583 929 reddi-.

152 948 235 988 dit:
279 964 328 988 ne
343 964 422 1003 per
446 957 739 990 transcursum
763 949 939 1005 quidem.
969 950 1088 989 nobis
1114 948 1410 997 videturesse:
1450 946 1568 986 nicht

151 1007 334 1060 aoglelolz
369 1008 472 1047 ohne
491 1009 585 1048 alle
616 1008 882 1060 Umstaende3
921 1008 1029 1061 quod
1061 1007 1106 1046 in
1131 1002 1319 1047 versione
1335 1004 1464 1047 latina
1486 1018 1567 1044 ex-

149 1066 325 1119 primere
352 1066 479 1106 volui.
506 1071 592 1116 τοῖς
616 1066 690 1121 μὲν
718 1065 770 1121 δή
794 1064 996 1124 ἀγάλμασι
1020 1061 1152 1116 ξύλων
1174 1062 1469 1120 εἰργασμένοις,
1501 1061 1568 1116 μέ-

150 1120 274 1178 γεθός
305 1124 408 1166 εἰσιν
439 1120 489 1166 οὕ
512 1121 683 1180 μεγάλαι
701 1127 822 1177 vulgo
849 1138 963 1165 1111110
986 1124 1134 1176 legitur
1156 1136 1177 1162 e
1201 1121 1453 1162 correctione
1470 1121 1567 1173 Syl-

150 1181 305 1234 burgii‚
337 1195 463 1235 quum
489 1183 535 1222 111
561 1183 654 1224 Ald.
682 1191 721 1224 et
749 1183 934 1223 Francos.
964 1187 1067 1221 esset
1093 1176 1279 1236 μεγάλοι,
1309 1179 1419 1233 quod
1445 1178 1566 1220 etiam

150 1239 279 1300 Mosq.
299 1239 434 1280 habet.
482 1241 628 1282 Pacius
648 1243 818 1296 putabat
840 1242 892 1281 ad
901 1245 986 1289 τοῖς
1006 1238 1079 1293 μὲν
1098 1261 1158 1295 -5
1179 1233 1349 1293 μεγάλαι
1364 1237 1566 1290 supplen-

151 1298 250 1336 dum
266 1311 349 1337 esse
365 1313 386 1337 e
408 1299 668 1353 sequentibus
690 1301 932 1341 vocabulum
954 1294 1125 1348 εἰκόνες,
1155 1303 1195 1336 et
1218 1295 1565 1338 verborumfcou-

149 1356 415 1395 structionem
432 1358 554 1411 paulo
575 1356 714 1398 durius
734 1372 818 1397 esse
834 1358 1087 1396 immutatam
1102 1369 1178 1408 pro
1195 1351 1246 1395 τοὶ
1262 1351 1337 1407 μὲν
1356 1349 1565 1408 tirell-pcata

150 1414 183 1463 ξ·
214 1414 473 1468 εἰργασμένα,
505 1413 656 1466 εἰκόνες
677 1415 754 1458 εἰσὶ
779 1415 950 1470 μέγεθος
970 1409 1021 1455 οὐ
1040 1409 1220 1466 μεγάλαι.
1281 1411 1440 1460 Quibus
1459 1410 1565 1451 mis-

149 1471 203 1510 sis
227 1472 386 1512 Clavier
403 1474 541 1512 locum
559 1474 670 1514 hunc
685 1475 731 1512 in
748 1474 850 1513 vitio
868 1486 953 1512 esse
968 1477 1080 1511 ratus
1101 1469 1208 1510 hanc
1221 1464 1439 1522 projmsuit
1461 1482 1563 1508 con—

146 1529 363 1569 iecturam:
399 1528 580 1587 ·μέγε-θός
606 1534 715 1574 ἐστιν
747 1527 798 1573 οὔ
818 1530 936 1586 μέγα·
975 1529 1021 1570 αἱ
1045 1526 1148 1570 navo}
1168 1525 1246 1581 τήν
1271 1527 1424 1576 ἔςοὸον.
1484 1526 1564 1566 Sed

149 1586 193 1629 δὲ
218 1584 468 1642 respondens
497 1590 752 1630 antecedenti
774 1588 848 1644 μὲν
882 1587 1018 1627 omitti
1041 1600 1128 1626 non
1150 1590 1304 1640 potest,
1336 1591 1456 1638 atque
1481 1583 1564 1624 hoc

146 1646 191 1684 in
216 1647 358 1700 Suppl.
391 1648 487 1687 addi
515 1647 585 1688 ille
615 1648 759 1688 voluit.
818 1647 1006 1686 Fortasse
1027 1651 1165 1684 tamen
1195 1643 1366 1694 Vulgata
1393 1642 1564 1682 retineri

145 1710 282 1757 potest
301 1705 337 1744 si
362 1718 450 1744 eam
472 1705 634 1759 virgula
662 1712 757 1760 post
786 1703 1061 1760 εἰργασμένοις
1081 1703 1211 1742 deleta
1235 1702 1293 1740 ita
1315 1700 1562 1754 interprete,-

145 1762 225 1802 ris:
263 1763 514 1804 Eumenides
540 1767 585 1804 ιἰι
605 1765 674 1804 llis
694 1765 936 1803 simulacris
964 1762 1078 1815 ligno
1087 1762 1230 1812 factis
1250 1773 1333 1798 non
1349 1766 1448 1798 sunt
1466 1771 1561 1797 ma·-

141 1835 263 1873 gnae.
323 1822 447 1860 Recte
474 1822 542 1861 1110
568 1837 726 1876 quoque
750 1818 958 1877 ἀγάλματα
976 1827 1015 1860 et
1044 1815 1200 1867 εἰκόνες
1223 1818 1330 1857 inter
1356 1831 1400 1857 se
1426 1829 1560 1871 oppo-

144 1886 321 1931 nuntur,
353 1894 478 1933 quum
498 1881 572 1921 illa
590 1882 756 1921 deorum
768 1911 778 1931 ‚
809 1880 884 1919 hae
901 1877 1116 1918 hominum
1133 1877 1226 1916 sint.

259 1937 298 1992 ᾗ.
321 1939 360 1982 5.
409 1935 591 1994 Δεύτερα
608 1940 669 1970 --’
687 1935 1011 1992 ἀποτραπέσθαι·
1048 1934 1129 1975 1100
1149 1932 1382 1988 oppositum
1395 1938 1456 1972 est
1476 1931 1560 1972 illis

143 1994 184 2049 ἔ.
205 1999 244 2039 3-
271 1992 540 2055 ἀποτραπήσῃ
573 1993 651 2039 οἷπό
674 1992 885 2049 θαλάσσης
910 1996 950 2045 ἐς
974 1990 1121 2044 δεξιάν.
1179 1991 1448 2047 scribendum
1479 1990 1561 2029 fuit

145 2058 334 2110 Βοῦραν,
365 2058 504 2108 Βοῦρα
523 2062 569 2094 ut
588 2070 675 2108 cap.
697 2059 736 2105 6,
759 2058 795 2098 1.
827 2061 868 2092 et
886 2053 996 2106 apud
1016 2051 1134 2090 Diod.
1159 2053 1196 2090 S.
1217 2049 1306 2099 XV,
1327 2053 1396 2100 48,
1427 2047 1558 2087 Strab.

144 2113 259 2163 VIII,
290 2114 387 2157 385.
426 2113 499 2152 ubi
525 2128 564 2153 v.
589 2113 730 2152 Tzsch.
762 2112 864 2151 adde
892 2113 1026 2164 Etyin.
1054 2110 1107 2149 M.
1146 2122 1186 2148 v.
1213 2111 1373 2161 Βοῦρα,
1412 2106 1487 2146 ubi
1513 2106 1559 2145 in

146 2173 268 2214 allato
302 2172 540 2211 Callimachi
564 2171 766 2212 versiculo
788 2170 992 2223 posterior
1016 2167 1251 2220 corripitur.
1304 2165 1402 2204 Mox
1429 2163 1498 2209 καὶ
1529 2161 1560 2217 ἡ

112 2246 114 2249 “
145 2233 285 2284 Βοῦρα
307 2230 351 2272 ἐν
369 2227 456 2285 ὄρει
485 2234 613 2271 κεῖται
639 2228 897 2269 referendum
918 2233 978 2266 est
1000 2226 1052 2264 ad
1076 2225 1181 2265 illud
1201 2225 1250 2264 de
1269 2222 1440 2276 Cerynia
1457 2220 1498 2274 ἕ.
1517 2225 1556 2266 8.

146 2288 316 2347 ᾤκισται
330 2311 389 2319 --
410 2288 454 2329 ἐν
478 2286 572 2342 ὄρει.
614 2288 723 2326 Guil.
745 2286 899 2326 Gellius
917 2284 1158 2337 Megaspelia
1178 2282 1406 2322 Vostizzam
1425 2280 1558 2333 profi-

145 2349 300 2386 ciscens
329 2352 425 2400 post
452 2346 532 2385 iter
555 2346 727 2384 duarum
753 2344 948 2384 horarum
970 2349 1010 2382 et
1035 2344 1160 2382 ferme
1189 2339 1420 2380 dimidiatae
1443 2335 1560 2383 venit:

144 2407 196 2445 ad
230 2420 289 2456 „a
322 2404 422 2456 high
452 2411 524 2457 top
553 2403 728 2443 covered
754 2401 858 2442 with
881 2401 950 2440 the
978 2401 1092 2440 ruins
1119 2400 1166 2439 of
1187 2413 1240 2438 an
1267 2396 1430 2447 ancient
1458 2395 1556 2446 city.

143 2464 241 2503 This
263 2463 347 2515 city
362 2463 446 2501 was
466 2462 575 2501 Bura
587 2493 596 2511 ‚
628 2476 669 2500 as
687 2475 782 2513 may
800 2461 849 2498 bc
866 2459 1031 2499 learned
1052 2460 1160 2497 from
1180 2456 1249 2497 the
1270 2468 1367 2495 cave
1387 2454 1434 2495 uf
1447 2453 1555 2493 Her—

144 2524 255 2561 cules
273 2521 469 2560 Buraicus
503 2520 565 2574 (v.
585 2520 710 2573 paulo
737 2524 830 2572 post
859 2516 900 2570 55.
921 2516 983 2571 6.)
1017 2531 1071 2556 011
1086 2515 1158 2555 the
1176 2513 1299 2553 north
1321 2511 1475 2561 sideros
1483 2509 1556 2549 the

142 2581 256 2619 rock.
311 2579 396 2618 The
418 2578 555 2617 whole
584 2585 760 2630 country
789 2576 964 2615 exhibits
989 2581 1131 2626 strong
1151 2572 1287 2612 marks
1310 2570 1356 2608 of
1373 2568 1441 2607 the
1459 2568 1555 2608 vio-

141 2639 257 2677 lence
279 2639 325 2678 of
339 2636 638 2689 earthquakes“
665 2635 867 2687 Itinerary
883 2635 929 2672 of
938 2633 1008 2672 the
1026 2632 1163 2674 Morea
1178 2645 1219 2683 p.
1241 2631 1279 2671 9.
1308 2629 1484 2680 τεθῆναι
1498 2648 1568 2669 --.

139 2694 299 2748 Ἑλίκης
326 2692 441 2736 εἶναι.
487 2694 599 2734 Idem
623 2693 674 2732 de
697 2693 818 2731 huius
844 2692 960 2730 urbis
987 2689 1152 2730 nomine
1177 2687 1298 2728 habet
1326 2683 1562 2737 Stephanus,
1633 2729 1637 2732 =

142 2754 238 2807 Byz.
268 2753 445 2792 Berkelii
465 2753 606 2791 forsan
628 2765 678 2790 ex
696 2750 776 2789 hoc
800 2748 1020 2789 Pausaniae
1040 2749 1145 2786 loco.
1203 2742 1327 2787 Aliud
1349 2743 1398 2781 de
1417 2741 1554 2781 nomi-

143 2812 208 2852 nis
238 2811 392 2865 origine
415 2810 593 2852 traditur
611 2809 657 2851 in
677 2808 833 2849 Gallim.
851 2807 893 2850 h.
923 2808 969 2849 in
990 2806 1078 2848 Del.
1098 2807 1202 2856 102,
1231 2801 1303 2842 ubi
1321 2801 1431 2841 Bura
1448 2798 1553 2840 dici-
