1682 3172
146 233 234 280 360
663 224 1065 270 APKAAIKA

146 356 234 393 σαν
258 344 310 391 έν
337 343 395 391 οὐ
423 344 590 403 πολλῷ,
607 341 757 404 χρόνῳ
786 341 1030 402 πεποίηκεν
1058 339 1263 400 ἤπειρον.
1304 341 1384 399 (6)
1421 342 1578 400 Ψωφι,

146 415 263 470 δίοις
292 415 340 462 δὲ
370 414 447 461 καὶ
475 409 600 469 παρὰ
628 415 691 474 τῷ
717 411 990 473 Ἐρυμάνθῳ
1018 409 1131 466 ναός
1153 411 1274 458 ἐστιν
1291 408 1581 471 Ἐρυμάνθου
1640 410 1641 413 ’

144 486 223 532 καὶ
259 484 450 545 ἄγαλμα.
512 487 707 530 ποιεῖται
747 482 796 528 δὲ
835 482 952 542 πλὴν
988 486 1075 529 τοῦ
1111 482 1377 546 Αἰγυπτίου
1403 483 1581 530 Νείλου

142 560 364 615 ποταμοῖς
401 560 497 609 τοῖς
536 553 688 608 ἄλλοις
732 554 869 599 λίθου
910 556 1078 600 λευκοῦ
1113 552 1168 598 τὰ
1207 551 1465 612 ἀγάλματα·
1491 555 1581 614 ’τῷ

143 627 294 688 Νείλῳ
325 625 399 682 δὲ,
431 626 508 672 ἅτε
541 625 616 672 διὰ
643 627 725 684 τῆς
754 622 995 670 Αἰθιόπων
1022 622 1224 671 κατιόντι
1253 622 1298 677 ές
1325 622 1581 678 θάλασσαν,

141 696 332 756 μέλανος
363 698 499 743 λίθου
526 694 581 741 τοὶ
614 693 848 754 αγάλματα
871 693 1138 753 ἐργάζεσθαι
1157 695 1436 752 νομίζουσιν.
1474 694 1583 763 (7)

131 765 219 812 Ὃν
248 766 297 813 δὲ
325 765 503 827 ἤκουσα
533 767 582 812 έν
618 766 804 824 Ψωφῖδι
833 765 906 812 ἐπὶ
928 763 1102 826 Ἀγλαῷ
1136 763 1276 824 λόγον
1305 763 1441 823 ἀνδρὶ
1478 767 1582 811 Ψω-

144 838 282 897 φιδίῳ
313 837 430 884 κατὰ
459 840 665 895 Κροῖσον
690 835 772 882 τὸν
801 834 1056 890 Avffimm
1019 833 1081 888 ὥς
1107 833 1134 881 6
1163 833 1354 894 Ἀγλαὸς
1371 835 1453 883 τὸν
1477 834 1582 896 χρό-

142 924 230 953 νον
257 910 343 954 τοῦ
372 909 480 967 βίου
509 906 656 953 πάντα
684 905 861 965 γένοιτο
893 905 1145 964 εὐδαίμων,
1175 905 1234 952 οὔ
1261 922 1318 966 με
1345 905 1525 954 ἔπειθεν
1553 905 1582 953 6

142 975 290 1036 λόγος.
329 977 443 1025 ἄλλα
472 975 731 1036 ἀνθρώπων
758 994 841 1037 μευ
869 993 963 1024 των
991 972 1071 1035 ἐφ’
1103 974 1274 1022 ἑαυτοῦ
1292 975 1413 1024 κακὰ
1436 994 1497 1024 αν
1511 993 1584 1032 τις

141 1047 369 1096 ἐλάσσονα
407 1047 698 1104 ἀναδέξαιτο,
737 1045 861 1094 καθὰ
899 1046 978 1093 και
1014 1050 1131 1100 ναῦς
1166 1040 1312 1107 ἧσσον
1348 1047 1408 1094 ἂν
1433 1055 1582 1109 χειμαὲ

143 1121 274 1179 σθείη
298 1121 413 1174 νεώς
437 1119 591 1179 ἄλλης·
633 1118 780 1175 ἄνδρα
810 1117 858 1163 δὲ
888 1121 1142 1176 συμφορῶν
1173 1115 1241 1164 ἀεὶ
1270 1117 1438 1179 στάντα
1458 1117 1590 1174 ἐκτὸς,

45 1190 175 1249 64ὃῆ
205 1190 262 1236 τὰ
288 1191 436 1237 πάντα
465 1189 608 1253 οὐρίῳ
639 1193 760 1235 ναῦν
782 1187 1071 1248 χρησαμένην
1096 1186 1322 1247 πνεύματι
1350 1206 1438 1236 ουκ
1454 1188 1584 1237 ἔστιν

143 1259 267 1315 ὅπως
295 1259 588 1322 δυνησόμεθα
617 1260 637 1305 έ
642 1262 825 1315 ξευρεῖν.
869 1258 964 1304 ἐπεὶ
993 1259 1070 1304 και
1091 1258 1297 1319 ’Όμηρος
1326 1239 1584 1320 κατακείμε·

143 1347 230 1376 νον
258 1331 381 1391 παρα
409 1335 474 1393 τῷ
503 1333 588 1377 Διῒ
619 1328 810 1390 οἷγαθων
841 1329 1009 1384 πίθον,
1048 1327 1130 1376 τὸν
1163 1329 1212 1375 δὲ
1242 1329 1399 1387 ἕτερον
1426 1335 1585 1378 κακῶν

145 1401 375 1462 ἐποίησεν,
413 1401 507 1449 ὑπὸ
547 1406 630 1448 τοῦ
666 1401 717 1447 έν
754 1404 952 1459 Δελφοῖς
989 1402 1108 1446 θεοῦ
1145 1401 1486 1460 δεδιδαγμένος,
1531 1400 1585 1458 ὃς

145 1469 289 1518 αὐτόν
315 1487 424 1519 ποτε
440 1473 652 1533 *Ὅμηρον
670 1469 982 1538 κακοδαίμονά
1003 1487 1050 1519 τε
1075 1476 1291 1530 προσεῖπε
1308 1471 1386 1519 καὶ
1406 1469 1583 1534 ὄλβιον,

144 1539 207 1595 ὥς
236 1540 388 1601 φύντα
418 1543 490 1591 ἐπὶ
521 1543 796 1604 ἀμφοτέροις
825 1542 1008 1602 ὁμοίως.

141 1688 253 1715 mare
293 1674 409 1717 brevi
447 1677 493 1717 in
533 1676 781 1717 continentis
824 1689 919 1716 orae
955 1682 1148 1717 natm-am
1188 1674 1328 1716 vertit.
1396 1674 1474 1732 (6)
1494 1675 1583 1737 “En

143 1745 266 1785 etiam
286 1745 520 1801 Psophidiis
540 1747 593 1786 ad
612 1745 933 1802 Erymanthum,
964 1744 1211 1800 Erymanthi
1227 1745 1454 1800 templum,
1487 1761 1584 1789 cum

142 1815 260 1870 signo
291 1818 428 1870 ipsius
457 1816 608 1856 herois.
678 1816 740 1858 Ac
771 1823 934 1872 praeter
965 1815 1213 1871 Aegyptium
1241 1815 1384 1858 Nilum
1411 1817 1583 1873 reliquis

142 1886 283 1928 fluviis
303 1887 524 1928 simulacra
541 1887 648 1928 fiunt
677 1901 699 1928 e
730 1888 1096 1942 candido'lapide:
1138 1887 1233 1927 Nilo
1247 1893 1411 1940 autem,
1440 1894 1490 1934 ut
1507 1888 1584 1943 qui

143 1972 218 2013 per
238 1957 500 2013 Aethiopiam
529 1957 575 1997 in
603 1973 717 1999 mare
745 1959 921 2011 labitur,
952 1959 1070 2012 nigro
1100 1958 1241 2014 lapide
1269 1958 1584 2010 statuasdfabri-n

146 2042 240 2069 care
269 2029 450 2069 solemne
480 2035 555 2069 est.
616 2027 695 2085 (7)
728 2030 852 2080 Quod
881 2044 981 2071 vero
1010 2028 1216 2083 Psophide
1243 2027 1394 2070 audivi
1407 2028 1583 2083 Aglaum

144 2099 435 2155 Psophidium,
464 2105 650 2154 tempore
668 2100 808 2140 Croesi
826 2100 1038 2154 Lydorum
1066 2100 1174 2153 regis
1198 2106 1335 2140 totum
1353 2099 1464 2141 vitae
1484 2115 1583 2156 spa·-

143 2169 253 2209 tium
280 2169 326 2209 in
354 2176 555 2225 perpetua
594 2170 793 2211 felicitate
829 2171 1092 2225 transegisse,
1132 2169 1178 2209 id
1212 2184 1286 2225 ego
1322 2176 1378 2214 ut⁴
1403 2171 1583 2224 credam,

145 2254 232 2280 non
260 2240 381 2283 facile
410 2240 608 2282 adducor.
666 2240 776 2282 Fieri
813 2240 980 2294 quidem
1016 2246 1157 2295 potest
1192 2247 1243 2281 ut
1281 2240 1408 2282 alicui
1443 2242 1583 2284 minus

146 2310 331 2364 obtingat
359 2312 565 2352 malorum
595 2325 718 2366 quam
748 2311 839 2351 aliis
868 2311 934 2351 sui
956 2310 1154 2366 temporis
1182 2311 1445 2366 hominibus,
1473 2314 1584 2355 sicut

146 2382 303 2421 scilicet
330 2381 448 2423 navis
474 2395 580 2424 nave
598 2382 735 2423 minus
759 2382 971 2437 experitur
988 2389 1270 2438 tempestates:
1311 2390 1354 2426 at
1371 2383 1583 2426 hominem

147 2452 219 2505 qui
246 2458 335 2493 toto
364 2452 475 2493 vitae
505 2453 640 2508 spatio
680 2459 800 2493 extra
840 2453 1120 2494 calamitatum
1156 2455 1285 2495 aleam
1323 2456 1466 2510 fuerit,
1508 2464 1584 2499 aut

146 2535 292 2562 navem
313 2537 417 2577 quae
446 2524 644 2564 secundis.
657 2537 817 2579 semper
840 2524 974 2565 ventis
993 2539 1067 2567 usa
1086 2526 1232 2578 fuerit,
1262 2525 1449 2568 invenire
1466 2527 1584 2578 haud
1628 2529 1630 2531 ’
1650 2570 1652 2573 f

149 2606 354 2647 quaquam
382 2594 621 2648 poterimus.
679 2595 783 2635 Nam
813 2601 853 2634 et
882 2594 1084 2636 Homerus
1121 2596 1172 2636 id
1197 2599 1371 2640 sensisse
1398 2597 1583 2652 videtur,

149 2677 232 2716 quo
254 2663 341 2702 loco
362 2662 468 2716 duo,
498 2664 704 2706 bonorum
723 2679 872 2717 unum,
894 2666 1069 2706 alterum
1088 2667 1312 2719 malorum,
1337 2668 1450 2709 dolia
1468 2671 1582 2725 apud

151 2733 290 2789 Iovem
318 2735 470 2774 statuit.
530 2735 580 2776 Id
607 2735 718 2776 enim
747 2736 817 2776 ille
844 2749 896 2776 ex
919 2736 1118 2791 Delphico
1139 2737 1332 2793 Apolline
1361 2739 1580 2795 didiceram

154 2805 224 2858 qui
254 2804 392 2859 ipsum
422 2811 463 2844 et
491 2805 687 2846 miserum
713 2806 857 2858 simul,
886 2812 931 2862 xet
957 2807 1121 2850 beatum
1146 2809 1329 2862 dixerat,
1361 2818 1508 2867 utpote
1527 2811 1582 2854 ad

151 2881 370 2930 utramque
397 2876 510 2921 vitae
538 2883 687 2919 sortem
716 2877 912 2932 genitum.
