1676 3172
388 227 469 271 An
506 190 620 270 ma.
654 226 742 269 vn.
799 226 926 271 cAr.
965 227 1108 272 xvm.
1146 228 1256 275 xm,
1439 233 1520 277 161

117 345 244 399 Ligna
270 349 426 397 autem,
457 344 603 400 quibus
628 343 730 384 haec
754 358 823 384 ara
847 344 1099 400 sepiebatur,
1130 353 1244 386 erant
1263 345 1442 399 viridia,
1468 361 1522 387 ne

115 402 200 444 hoc
226 401 388 458 septum
413 403 501 456 igni
526 404 571 443 in
600 417 669 442 ara
693 417 862 444 accenso
880 410 1206 444 consumeretur.
1242 400 1417 447 οἷνότατα
1441 420 1519 461 pro

116 456 294 504 αυόταπα
313 462 443 515 Mosq.
481 460 683 516 λειοτέραν
708 478 746 503 κ.
764 477 797 503 τ.
817 465 851 503 λ.
889 462 1079 502 leviorem
1106 463 1412 517 mollioremque
1437 471 1522 504 ter-

115 534 210 559 ram
230 521 279 561 in
306 534 407 559 arae
429 519 600 585 gradus
623 527 878 574 congerentes
908 535 1055 574 eosque
1080 520 1159 559 illa
1191 521 1399 574 explentes,
1416 538 1524 595 ’τους

117 584 210 618 ante
220 569 349 644 ἄναβ.
370 577 498 631 Mosq.
521 578 668 617 omisit.
699 577 911 632 ἱερουμένη
930 579 1124 632 Vulgata;
1155 580 1226 619 sed
1244 579 1388 637 scripsi
1411 580 1523 636 ἷερω.

115 634 238 690 μένῃ,
269 636 391 692 etiam
412 636 569 690 Corayo
592 636 881 676 suadentescf.
903 637 1131 688 ad11‚32‚
1154 643 1190 680 1.
1221 638 1424 678 adnotata.
1454 637 1524 680 καὶ

117 693 315 749 ἱερωμένη
331 716 391 726 ·-
412 693 676 749 ἐζευγμένων
719 694 783 734 Ad
804 693 884 734 hoc
906 693 1196 734 illustrandum
1217 696 1248 734 P
1250 695 1492 735 aciaudius
1479 710 1524 736 m

114 751 295 792 Menum.
318 753 457 806 Pelop.
486 753 531 792 Τ.
550 752 581 792 Ι.
608 766 650 806 p.
672 755 764 798 106.
789 753 948 806 profert
966 767 1138 793 numum
1161 768 1184 792 a
1204 753 1492 794 Patrensibus
1480 769 1526 794 m

112 809 311 850 honorem
334 811 387 852 M.
413 811 572 851 Aurelii
599 823 860 864 percussum,
898 812 945 851 'in
972 826 1053 865 quo
1081 812 1154 851 ine
1181 812 1275 852 talis
1303 813 1526 852 sacerdotis

113 868 327 921 imaginem
349 883 581 923 expressam
610 875 741 938 putat.
776 865 805 923 ἢ
831 876 928 925 post
955 867 1101 925 ἑορτήν
1127 869 1240 910 abest
1266 884 1289 909 a
1310 870 1437 925 Mosq.
1468 870 1527 920 ἐς·

114 922 336 980 βάλλουσιν
362 926 403 977 ἐς
429 943 503 970 τον
535 923 697 982 βωμόν·
739 941 824 968 non
849 934 912 969 est
932 930 1049 967 intra
1077 942 1177 967 arae
1206 935 1367 982 septum
1391 930 1525 968 conii-

115 986 255 1036 ciunt,
295 985 368 1025 sed
397 987 442 1025 in
471 987 610 1039 ipsam
637 999 780 1039 aram,
812 1000 904 1039 ergo
930 986 959 1027 i.
981 1001 1020 1041 q.
1047 982 1338 1040 ἐπιβαλλουσιν
1366 986 1433 1029 ἐπὶ
1457 985 1527 1029 τὸν

113 1039 265 1112 βωμόν.
297 1044 410 1097 quod
428 1050 477 1083 ut
502 1043 592 1083 fieri
610 1050 766 1098 posset,
797 1044 1056 1099 ἐμηχανῶντο
1085 1042 1280 1087 ἅνοδον’
1261 1044 1329 1086 επὶ
1349 1043 1424 1087 τόν
1446 1047 1526 1100 βω-

114 1096 217 1155 μόν,
244 1108 294 1141 ut
320 1108 380 1141 est
397 1103 522 1156 paulo
553 1109 658 1142 ante.
688 1099 872 1144 ἐνταῦθά
893 1119 930 1145 κ.
949 1118 983 1145 τ.
1003 1106 1037 1144 λ.
1076 1102 1147 1142 hie
1163 1105 1328 1156 passim
1356 1104 1423 1143 vel
1450 1118 1526 1142 ur·-

113 1173 206 1198 sam
233 1161 300 1200 vel
325 1159 453 1199 aliud
473 1161 726 1200 animalium
752 1159 844 1201 u‘di
866 1160 1073 1216 quaedam
1101 1161 1180 1200 sub
1198 1163 1389 1214 primum
1415 1163 1528 1215 ignis·

113 1219 312 1270 impetum
339 1220 422 1257 niti
438 1233 726 1273 perrumpere,
756 1220 963 1274 quaedam
981 1219 1145 1259 viribus
1168 1219 1251 1258 sibi
1271 1221 1429 1274 aperire
1439 1221 1526 1274 fic—

109 1290 224 1330 gam.
251 1272 469 1332 ἔμβαλόντε
485 1277 617 1331 Mosq.

528 1473 892 1527 CAPUT
961 1474 1121 1528 XIX.

154 1605 157 1608 .
223 1565 471 1623 §.1-Hic
500 1586 602 1620 ναος
631 1570 680 1610 ab
710 1569 834 1641 ἱερῷ
836 1583 872 1610 c.
894 1573 968 1622 18,
995 1574 1035 1614 6
1069 1576 1110 1610 et
1128 1564 1328 1644 περιβὸλω
1350 1571 1425 1624 τῆς
1440 1572 1526 1612 Λα-

111 1641 170 1724 ff?
171 1625 238 1724 ‘2¹3
255 1641 293 1726 1⁰1
302 1629 394 1738 ‚233
413 1632 456 1730 {J
474 1628 765 1758 ἒξῗῗῇῗῗῖζ
780 1613 1525 1753 εῗέἐῖῗιοῗζιέἱξῖ,ξᾟὲἴηὲαιςαέ

110 1756 236 1796 supra
263 1757 297 1784 c.
318 1747 396 1796 17,
419 1745 460 1789 5.
490 1743 816 1801 προηγησαμὲνῳ
849 1751 941 1784 ante
965 1745 1152 1796 Facium,
1185 1745 1257 1798 qui
1285 1759 1306 1784 e
1334 1744 1457 1784 Vind.
1487 1749 1529 1783 et

109 1798 237 1855 Mosq.
267 1802 633 1860 προδιηγησαμένω
660 1802 862 1853 restituit,
893 1803 1005 1856 quod
1023 1802 1294 1856 Sylburgius
1280 1817 1362 1843 lam
1379 1803 1527 1842 volue-

108 1863 185 1898 rat.
236 1859 306 1899 Sic
335 1874 459 1914 supra
488 1875 575 1915 cap.
597 1866 639 1912 1,
663 1865 702 1905 3.
732 1860 928 1911 ἐπέξεισιν
960 1860 986 1904 o‘
1012 1858 1133 1916 λόγος
1160 1877 1230 1915 μοι
1255 1862 1528 1918 προδιηγησα-

67 1966 69 1969 Ι
108 1915 242 1972 μένῳ,
271 1917 344 1956 ubi
371 1919 566 1958 omissum
587 1926 686 1961 est
674 1915 892 1974 πρότερον·
932 1919 1004 1958 sed
1025 1925 1074 1959 ut
1097 1933 1122 1958 1
1112 1925 1237 1959 ostro
1259 1919 1353 1959 loco
1371 1919 1526 1959 Pausa.-

106 1973 219 2026 nias,
248 1973 307 2014 ita
326 1974 558 2016 Herodotus
577 1976 652 2028 IV,
681 1980 776 2022 145.
804 1978 999 2031 loquutus
1022 1984 1081 2018 est
1103 1974 1171 2019 δια
1193 1973 1420 2034 πρὸφασιν,
1448 1972 1526 2029 την

108 2029 185 2087 ἐγω
205 2028 487 2104 απηγήσομαι,
517 2033 895 2091 προδιηγησάμενος
912 2032 1109 2091 πρότερον
1127 2030 1235 2078 τάδε.
1273 2033 1525 2087 Mosquensis

109 2097 203 2130 ante
222 2086 463 2161 α’νθρωποις
481 2093 623 2132 inseu't
640 2094 1105 2147 vofg‚perpe1an13sic
1119 2092 1160 2148 ᾗ.
1176 2098 1215 2138 8.
1239 2098 1324 2143 τοῖς
1343 2093 1526 2134 ἐνταῦθα

109 2143 363 2205 α’νθρῶποις.
410 2151 517 2190 Ante
535 2151 704 2191 Facium
730 2151 938 2203 legebatm
958 2148 1105 2193 Ἰώνων
1133 2175 1187 2182 —-
1216 2151 1260 2193 ἐν
1290 2152 1390 2208 οἴκῳ
1415 2149 1525 2205 τέμε-

107 2220 180 2255 νος
197 2228 252 2238 --·
277 2207 507 2278 ἐπίνζλησιν·
547 2210 582 2249 is
603 2210 862 2250 monentibus
885 2210 1098 2264 Sbeurgio
1124 2223 1174 2249 ac
1191 2194 1374 2249 Kuhnio
1383 2222 1523 2248 corre-

108 2264 173 2302 xit
189 2263 232 2306 ἐν
247 2269 383 2323 κοινῷ.
430 2268 565 2307 Lucus
588 2268 697 2308 enim
718 2276 758 2308 et
776 2269 819 2309 in
842 2283 888 2308 eo
915 2269 1112 2323 templum
1131 2269 1281 2308 Dianae
1302 2266 1523 2311 Triclariae

106 2335 236 2376 prope
257 2309 395 2364 Patras
415 2332 455 2364 et
473 2326 526 2363 ad
548 2326 735 2366 dextram
761 2341 896 2367 earum
919 2327 984 2382 (v.
1007 2341 1093 2380 cap.
1114 2331 1189 2377 22,
1213 2323 1278 2379 7.)
1311 2337 1522 2364 commune

106 2380 187 2420 fuit
205 2381 371 2422 Ionibus
390 2382 549 2434 Arnen,
579 2383 780 2425 Antheam
797 2392 837 2424 et
854 2384 1026 2424 Mesatin
1045 2383 1341 2424 habitantibus·
1332 2413 1343 2434 ,
1382 2388 1422 2422 et
1438 2383 1521 2420 Dea

106 2437 194 2492 ipsa
223 2439 430 2479 Triclaria
453 2440 562 2480 dicta
588 2447 650 2481 est
677 2442 727 2483 de
750 2443 881 2483 tribus
907 2443 1116 2496 panibus,
1149 2456 1247 2499 quas
1271 2440 1384 2494 quasi
1410 2445 1521 2479 sorte

106 2503 227 2536 nacta
261 2504 348 2539 erat
380 2498 428 2538 ab
455 2498 604 2540 horum
629 2499 756 2542 trium
788 2501 1037 2555 oppidomm
1064 2501 1222 2540 incolis.
1275 2498 1520 2569 Τρικαλλίων

107 2545 231 2595 vind
270 2559 519 2612 Τρικλαρίων
543 2573 620 2612 pro
657 2562 896 2614 Τρικλαρίας
920 2560 1047 2612 Mosq.
1088 2553 1287 2613 ἷερωσυνῃ
1319 2554 1363 2596 δὲ
1392 2555 1517 2609 εἴχετο

108 2610 229 2665 Vulg.
269 2612 407 2662 Quum
425 2616 546 2655 Vind
570 2622 610 2655 et
627 2616 757 2672 Mosq.
779 2616 955 2656 habeant
980 2614 1078 2684 εἶχε,
1107 2629 1190 2655 non
1211 2612 1393 2652 dubitavi
1411 2613 1517 2653 scri-

109 2669 205 2710 bere
226 2668 452 2727 ἰερωσύνην
471 2672 515 2713 δὲ
539 2671 627 2725 εἶχε.
674 2676 741 2713 Si(
759 2690 846 2727 cap.
865 2680 941 2722 23,
964 2679 1003 2715 7-
1032 2670 1061 2725 ἢ
1079 2688 1153 2725 την
1179 2667 1407 2726 ἱερωσύνηῠ
1427 2672 1516 2726 ἔχει.

109 2726 222 2768 Idem
251 2729 377 2770 suasit
394 2731 617 2780 Porsonus‚
649 2737 689 2769 et
706 2732 860 2785 recepit
883 2730 1059 2781 Claviw,
1091 2730 1163 2783 qui
1188 2729 1270 2770 hoc
1296 2730 1450 2797 reperit
1471 2730 1516 2770 in

112 2787 202 2827 cod·
224 2790 345 2832 1411.
366 2788 412 2827 in
433 2792 557 2834 1410.
579 2794 639 2828 est
659 2787 861 2850 ἱερωσύνη
880 2787 924 2832 δὲ
944 2784 1032 2842 εἶχε.

168 2855 231 2897 ad
258 2860 364 2898 Tom.
387 2858 463 2900 III.
1225 2858 1240 2897 ¹
