1676 3172
462 244 543 289 AD
583 243 698 286 LIB.
736 243 822 285 VII.
881 234 1007 285 CAP.
1031 242 1172 285 xvn.
1444 242 1529 290 158

118 363 191 404 diu
217 361 284 415 id,
316 354 430 417 quod
455 354 535 402 sibi
564 361 826 428 promiserat,
867 354 1050 402 obtinere
1075 360 1302 415 nequisset,
1330 355 1528 414 ‘volupta-

116 427 199 462 tem
219 421 271 461 in
281 421 457 489 lapidem
476 420 583 461 fudit
598 421 746 461 victus.
805 419 923 460 Hanc
947 426 1065 474 petra
1096 418 1306 473 concepit,
1334 424 1374 458 et
1394 420 1529 472 mugi-

116 479 233 519 tib'us
250 475 388 520 editis
399 477 546 519 multis
571 479 686 533 prius
714 492 854 519 mense
880 478 1062 519 nascitur
1086 478 1243 518 decimo
1274 482 1457 517 materno
1464 450 1528 516 ”ab

113 537 283 578 nomine
309 537 616 591 cognominatus
635 537 840 578 Aedes-tis,
887 536 1007 577 Huic
1029 536 1157 577 robur
1178 535 1379 575 invictum
1405 542 1443 574 et
1465 536 1529 575 fe-

114 595 265 637 recitas
284 596 411 636 animi
427 597 562 636 fuerat
586 595 884 647 intractabilis,
914 595 1057 635 insana
1079 601 1118 634 et
1143 593 1303 634 furialis
1327 594 1458 633 libido
1477 608 1530 633 ex

116 660 288 708 utraque
306 668 425 699 sexus
447 654 491 693 vi
510 661 642 708 rapta.
702 654 823 694 Cuius
843 667 935 694 cum
952 653 1119 693 audacia
1139 652 1379 706 quibusnam
1396 652 1530 691 modis

114 719 255 778 posset
272 712 340 752 vel
360 712 562 752 debilitari
580 714 648 753 vel
671 712 903 767 comprimi,
934 725 1219 766 saepenumero
1235 716 1341 750 esset
1363 710 1530 750 deorum

114 768 168 810 ιιι
187 770 477 811 deliberatione
506 771 749 824 quaesitum,
777 770 900 811 huius
921 770 1101 812 muneris
1125 783 1260 809 curam
1281 768 1433 808 Liber
1421 782 1466 807 ιιι
1487 783 1531 808 se

117 829 319 896 suscepit:
352 829 597 869 familiarem
623 830 688 869 illi
717 831 893 881 fontem,
923 843 1004 883 quo
1024 828 1220 869 ardorem
1238 828 1368 868 suerat
1389 833 1528 866 suetus

116 892 159 926 et
185 887 274 927 sitis
308 886 458 927 lenire
468 887 742 940 flagrantiam,
778 860 893 928 ludo
905 894 945 928 et
971 887 1253 928 venationibus
1288 885 1527 935 excitatum,

113 945 368 986 validissima
397 946 610 987 succendjt
630 946 675 987 'vi
702 946 824 987 meri:
868 944 1118 986 necessitatis
1148 945 1195 984 ιιι
1217 951 1401 998 tempore
1423 943 1529 983 hau-

114 1009 224 1044 stum
241 1004 427 1044 'accurrit
448 1004 654 1047 Aedestis:
690 1004 740 1044 fit
765 1011 813 1044 ut
837 1004 1001 1044 insolita
1029 1018 1074 1044 re
1101 1003 1239 1043 victus
1267 1015 1454 1056 soporem
1483 1002 1528 1041 ιιι

116 1061 357 1102 altissimum
378 1063 641 1116 deprimatur.
670 1062 797 1103 Adest
814 1063 867 1103 ad
882 1062 1049 1108 insidias
1061 1061 1200 1113 Liber,
1215 1075 1270 1101 ex
1287 1061 1381 1100 setis
1399 1060 1529 1099 scien-

113 1119 267 1160 tissime
286 1121 540 1175 comPlicatis
557 1133 682 1167 mium
700 1122 866 1175 plantae
886 1121 1027 1161 iniicit‘
1038 1122 1249 1174 laqueum,
1267 1125 1384 1173 parte
1401 1119 1528 1158 altera

113 1179 252 1232 proles
280 1193 373 1218 cum
404 1179 505 1233 ipsis
533 1180 775 1234 genitalibus
805 1186 999 1235 occupat:
1038 1179 1249 1220 exsolutus
1267 1178 1338 1217 ille
1361 1178 1405 1218 vi
1424 1177 1528 1216 meri

115 1236 289 1290 corripit
312 1251 359 1278 se
388 1237 569 1292 impetu,
600 1245 640 1278 et
667 1238 892 1279 adducente
918 1245 1057 1278 nexus
1074 1238 1235 1292 planta,
1267 1236 1349 1276 suis
1369 1236 1458 1290 ipse
1484 1249 1527 1275 se

113 1293 279 1334 viribus
297 1309 366 1346 eo,
398 1309 479 1349 quo
505 1297 659 1348 hient,
689 1297 828 1351 privat
853 1310 970 1336 sexu:
1009 1310 1101 1335 cum
1127 1294 1294 1334 dissidio
1328 1293 1396 1350 (2²)
1426 1308 1526 1348 par-

113 1351 216 1392 tium
235 1353 399 1406 sanguis
416 1354 545 1394 fluit
531 1369 771 1394 immensus:
809 1354 1027 1409 rapiuntur
1053 1360 1093 1393 et
1119 1353 1409 1393 combibuntur
1426 1352 1527 1391 haec

113 1416 244 1450 terra:
282 1412 435 1451 malum
459 1419 628 1478 iepente
660 1427 754 1453 cum
781 1413 916 1467 pomis
944 1427 996 1452 ex
1019 1411 1299 1467 hispanicum
1325 1411 1525 1451 nascitur.

116 1468 232 1508 cuius
256 1469 386 1509 Nana
412 1471 585 1523 speciem
613 1473 886 1526 contemplata
907 1471 1012 1523 regis
1036 1469 1218 1523 Sangarii
1238 1469 1418 1509 fluminis
1442 1469 1529 1509 filia

117 1527 252 1582 carpit
281 1527 453 1578 mirans,
485 1535 606 1582 atque
636 1529 683 1568 in
708 1529 802 1569 sinu
832 1530 1016 1583 reponit:
1052 1529 1101 1569 fit
1125 1542 1177 1568 ex
1208 1542 1256 1567 eo
1279 1542 1526 1583 praegnans:

114 1591 312 1639 tanquam
327 1586 513 1626 vitiatam
538 1587 692 1627 claudit
716 1594 855 1642 pater,
887 1594 928 1627 et
949 1594 1066 1626 emat
1082 1593 1132 1627 ut
1153 1582 1291 1626 inedia
1308 1587 1526 1626 moriatur·

115 1643 249 1697 pomis
270 1649 400 1698 atque·
409 1644 500 1683 aliis
518 1645 697 1685 bacculis
727 1646 847 1685 deum
870 1651 1119 1693 sustentatur
1136 1659 1160 1684 a
1179 1650 1327 1684 matre:
1358 1644 1529 1684 enititur

114 1702 347 1756 parvulum.
404 1702 485 1742 Sed
504 1704 654 1758 exponi
673 1703 889 1756 Sangarius
906 1703 1126 1758 praecipit:
1162 1709 1371 1756 repertum
1388 1702 1527 1742 nescio

115 1760 210 1813 quis
236 1760 381 1811 sumit,
412 1761 581 1813 format,
610 1763 718 1802 lacte
747 1762 821 1801 alit
842 1761 1059 1815 hirquino:
1106 1768 1147 1801 et
1177 1761 1372 1814 quoniam
1398 1761 1530 1814 Lydia

114 1818 284 1858 scitulos
304 1818 363 1858 sic
377 1826 522 1871 vocat,
551 1822 619 1860 vel
638 1820 735 1874 quia
750 1820 888 1875 hircos
906 1820 1084 1874 Phryges
1100 1819 1184 1860 suis
1202 1819 1368 1873 Atagos
1389 1821 1543 1859 elom-¹
1582 1850 1593 1858 ι

113 1876 586 1932 tionibus-nuncupant,
616 1879 713 1918 inde
733 1879 843 1932 Atys
870 1893 1020 1919 nomen
1046 1885 1094 1919 ut
1117 1879 1332 1918 sortiretur
1355 1878 1528 1918 effluxit.

113 1933 237 1975 Hunc
248 1935 381 1975 unice
401 1943 531 1977 mater
547 1937 688 1989 deum,
711 1952 780 1977 ore
798 1939 931 1978 fuerat
946 1938 1056 1991 quod
1071 1937 1430 1988 excellentissimo,
1462 1936 1529 1975 di-

112 1993 283 2046 ligebat,
318 1999 360 2033 et
378 1994 565 2035 Aedestis
584 1996 759 2035 blandus
785 1996 925 2035 adulto
949 2010 1103 2047 comes,
1132 2002 1172 2035 et
1193 2010 1274 2049 qua
1294 1996 1427 2035 solum
1448 2009 1529 2049 po-

112 2055 222 2092 terat
248 2052 401 2092 amansss
458 2054 573 2094 Tunc
591 2054 870 2094 Pessinuntius
899 2069 975 2094 rex
1002 2055 1132 2095 Midas
1160 2054 1335 2093 alienare
1359 2053 1528 2107 cupiens

111 2116 198 2149 fam
218 2110 360 2150 infami
375 2125 548 2164 puerum
571 2113 870 2164 coniunctione,
890 2113 1146 2153 matrimonio
1165 2113 1250 2152 eius
1270 2126 1386 2152 suam
1401 2112 1528 2151 filiam

114 2167 307 2208 destinat:
346 2183 394 2208 ac
421 2184 473 2209 ne
495 2185 663 2210 scaevus
695 2171 841 2225 aliquis
862 2172 1063 2225 nuptialia
1091 2172 1407 2224 interrumperet
1424 2184 1527 2223 gau-

117 2226 203 2277 dia,
234 2227 334 2266 fecit
357 2228 555 2282 oppidum
576 2230 730 2270 claudi:
771 2244 915 2270 verum
942 2231 1061 2270 deum
1074 2237 1211 2270 'mater
1233 2229 1527 2268 adolescentuli

115 2285 249 2325 fatum
276 2285 428 2335 sciens,
459 2286 646 2340 interque
666 2287 850 2328 homines
878 2288 996 2328 illum
1024 2296 1108 2328 tam
1138 2288 1212 2327 diu
1236 2290 1419 2327 {uturum
1442 2287 1526 2326 sal-

114 2355 236 2393 vum,
267 2344 463 2397 quamdiu
488 2352 594 2385 esset
621 2347 782 2387 solutus
811 2361 834 2386 a
859 2347 1108 2387 matrimonii
1135 2347 1314 2398 foedere,
1348 2360 1401 2385 ne
1426 2345 1528 2399 quid

115 2401 319 2441 accideret
342 2402 507 2455 moesti,
549 2404 755 2444 civitatem
780 2405 1010 2459 ingreditur
1045 2407 1243 2455 clausam,
1282 2404 1410 2444 muris
1443 2403 1527 2443 eius

116 2460 248 2513 capite
272 2460 512 2514 sublevatis,
542 2463 655 2516 quod
682 2477 769 2503 esse
794 2464 989 2504 turritum
1017 2464 1175 2504 ratione
1204 2463 1254 2502 ab
1278 2462 1359 2502 hac
1382 2462 1527 2516 coepit.

114 2518 302 2559 Acdestis
320 2526 477 2559 scatens
497 2520 558 2562 ira
578 2522 763 2562 convulsi
785 2537 811 2562 a
830 2537 872 2562 sc
892 2522 1029 2576 pueri,
1061 2529 1102 2562 et
1121 2522 1260 2562 uxoris
1278 2521 1330 2561 ad
1347 2521 1542 2560 studium·

117 2576 313 2628 dmivafi,
345 2578 655 2619 convivantibus
683 2581 840 2620 cunctis
861 2582 1042 2621 furorem
1062 2587 1101 2620 et
1121 2581 1319 2620 insaniam
1343 2579 1528 2632 suggerit
1541 2600 1544 2601 ν

118 2633 219 2687 Atys
239 2635 440 2676 furiarum
465 2643 506 2677 et
524 2638 611 2691 ipse
637 2638 718 2678 iam
742 2640 889 2693 plenus
914 2639 1081 2694 proiicit
1109 2653 1150 2679 se
1180 2639 1364 2689 tandem,
1395 2645 1434 2677 et
1454 2637 1529 2676 sub

116 2692 207 2746 pini
234 2693 377 2734 arbme
403 2695 593 2747 genitalia
620 2696 697 2736 sibi
723 2698 906 2748 desecat,
940 2698 1096 2738 dicens.
1138 2697 1214 2737 tibi
1244 2696 1409 2737 Aedesti
1430 2695 1530 2747 haec

117 2750 241 2801 habe,
271 2759 442 2806 proptei
466 2768 569 2807 quae
592 2761 726 2795 motus
742 2762 879 2796 tantos
898 2756 1107 2796 furialium
1128 2755 1409 2797 discriminum
1430 2767 1531 2793 con-

123 2809 268 2849 citasti.
309 2810 474 2867 ‘Evolat
503 2825 596 2854 cum
626 2813 835 2868 profluvio
873 2814 1080 2870 sanguinis
1113 2814 1231 2870 vita„
1258 2812 1531 2856 sed-abscissa
