1682 3172
172 211 230 256 10
667 183 1022 251 HMAKaN
1051 205 1094 252 Β

169 322 297 385 παρὰ
322 325 416 371 τῶν
442 322 691 384 ἐπιχωρίων
718 322 823 384 ἔχον
839 321 989 384 -τιμάς,
1042 321 1121 370 Ἐν
1149 322 1199 371 δὲ
1223 326 1282 386 τῇ
1297 320 1445 372 ’Ἄλτει
1467 325 1598 384 παρὰ

168 394 253 442 τόν
291 399 377 442 τοῦ
410 393 724 455 Τιμοσθένους
764 393 1016 454 ἀνδριάντα
1050 391 1282 442 ἀνάκειται
1312 397 1492 456 Τίμωνς
1518 395 1599 444 καὶ

0 526 1 529 ¹
167 463 194 512 ὁ
225 471 331 520 παῖς
358 469 442 512 τοῦ
480 467 685 524 Τίμωνος
715 467 944 521 Αἴσυπος,
977 467 1165 512 παιδίον
1204 465 1277 512 ἐπὶ
1301 467 1426 528 ἵππω
1454 466 1598 527 καθή-

71 532 159 579 456
169 553 321 597 μενον.
365 536 458 583 ἔστι
484 535 571 595 γὰρ
598 535 654 595 δὴ
680 538 758 583 καὶ
785 536 816 597 ἡ
847 539 950 596 νίκη
979 540 1044 599 τῷ
1071 535 1202 583 παιδὶ
1227 537 1368 585 ἵππου
1392 539 1596 599 κέλητος,

170 605 197 654 ὁ
232 609 386 666 Τίμων
414 605 460 653 δ’
486 607 560 653 ἐπὶ
588 606 752 667 ἅρματι
781 605 1086 669 ἀνηγορεύθη.
1134 612 1198 671 τῷ
1228 609 1279 656 δὲ
1310 610 1482 669 Τίμωνι
1508 610 1598 669 είρ·

166 675 338 736 γάσατο
378 677 457 724 καὶ
483 681 546 740 τῷ
583 678 712 724 παιδὶ
738 678 819 734 τὰς
856 676 1036 733 εἰκόνας
1063 681 1292 733 Δαίδαλος
1316 676 1596 747 Σικυώνιος,

166 746 221 801 ὃς
249 748 327 794 καὶ
356 747 430 794 ἐπὶ
457 751 514 808 τῇ
544 751 790 810 Λακωνικῇ
826 751 931 810 νίκῃ
967 750 1019 795 τὰ
1048 749 1099 796 ἐν
1127 754 1183 811 τῇ
1199 748 1348 797 ’Ἄλτει
1373 750 1597 809 τρόπαιον

164 816 376 876 ἐποίησεν
389 816 589 874 Ἠλείοις.
643 817 924 879 Ἐπίγραμμα
943 819 992 866 δὲ
1013 819 1065 867 τὸ
1089 820 1160 867 ἐπὶ
1180 823 1251 884 τῷ,
1263 822 1426 883 Σαμίῳ
1445 820 1597 881 πύκτῃ

163 887 246 934 τὸν
275 885 505 937 ἀναθέντα
524 891 608 951 μὲν
637 890 707 938 ὅτι
735 890 762 938 ὁ
790 892 1085 950 παιδοτρίβης
1109 891 1178 950 εἴη
1193 891 1398 952 Μήκων,
1425 892 1505 939 καὶ
1522 890 1596 939 ὅτι

165 956 338 1018 Σάμιοι
375 959 430 1005 τὰ
466 962 511 1016 ἐς
542 960 741 1023 ἀθλητὰς
775 961 854 1008 καὶ
878 960 954 1007 ἐπὶ
980 963 1249 1020 ναυμαχίαις
1287 962 1402 1008 alatne
1430 960 1597 1010 Ἰώνων

162 1028 367 1088 ἄριστοι·
410 1032 516 1078 τάδε
544 1034 627 1092 μὲν
656 1034 774 1091 λέγει
799 1030 851 1078 τὰ
886 1031 1165 1090 ἐπίγραμμα,
1200 1030 1248 1085 ἐς
1277 1031 1327 1078 δὲ
1350 1029 1493 1079 αὐτὸν
1511 1031 1597 1080 τὸν

165 1098 343 1158 πύκτην
369 1099 610 1161 ἐσήμαινεν
640 1099 791 1150 οὐδέν.
852 1103 932 1160 (5)
965 1100 1101 1158 Παρὰ
1132 1101 1180 1147 δὲ
1208 1103 1486 1161 Μεσσηνίων
1501 1107 1596 1150 Δα-

165 1171 344 1230 μίσκος,
376 1171 428 1225 ὂς
452 1170 537 1219 δύο
567 1174 763 1231 γεγονώς
791 1173 866 1232 ἔτη
895 1172 973 1218 καὶ
1001 1171 1109 1217 δέκα
1137 1170 1342 1231 ἐνίκησεν
1362 1171 1413 1218 ἐν
1438 1171 1595 1233 Ὀλυμ-

164 1242 260 1301 πίᾳ.
296 1243 458 1302 θαῦμα
487 1243 536 1290 δὲ
564 1245 687 1303 εἴπερ
714 1243 825 1291 ἄλλο
847 1261 892 1290 τι
911 1242 988 1289 καὶ
1006 1241 1110 1288 τόδε
1128 1240 1424 1303 ἐποιησάμην.
1471 1247 1595 1290 Μεσ-

166 1313 355 1371 σηνίους
383 1314 465 1371 μὲν
492 1314 580 1372 γὰρ
617 1314 668 1360 ἐκ
700 1311 1056 1372 Πελοποννήσου
1087 1311 1355 1373 ’φεύγοντας
1385 1313 1595 1363 ἐπέλιπεν

164 1380 195 1443 ἡ
228 1384 330 1443 περὶ
367 1384 450 1430 τὸν
485 1383 638 1444 ἀγῶνα
666 1385 778 1445 τύχη
815 1384 896 1430 τὸν
919 1383 1240 1443 Ὀλυμπιακόν.
1293 1384 1366 1431 ὅτι
1401 1385 1492 1445 γὰρ
1529 1387 1593 1448 μή

163 1456 433 1510 Λεοντίσκος
459 1456 535 1520 καὶ
564 1456 814 1516 Σύμμαχος
846 1452 939 1502 τῶν
977 1454 1050 1502 ἐπὶ
1085 1459 1151 1517 τῷ
1182 1459 1381 1518 πορθμῷ
1413 1460 1593 1518 Μεσση·

162 1675 304 1723 gentes
343 1668 506 1710 colitur.
564 1668 757 1710 Proxime
797 1668 852 1710 ad
880 1667 1155 1709 Timosthenis
1192 1674 1395 1723 statuam,
1431 1669 1477 1711 in
1505 1667 1593 1712 Alfi

163 1739 313 1780 Timon
340 1740 501 1795 positus
531 1747 613 1791 est,
656 1747 699 1782 et
727 1754 823 1780 cum
859 1753 908 1780 eo
937 1738 1129 1794 Aesypus
1157 1739 1267 1781 filius
1293 1747 1414 1782 tener
1440 1739 1593 1795 adhuc,

164 1823 272 1865 equo
294 1810 494 1864 insidens,
526 1825 608 1866 qua
630 1811 790 1852 scilicet
811 1817 943 1852 aetate
967 1822 1073 1865 equo
1102 1810 1241 1865 iniuge
1269 1811 1384 1853 vicit.
1443 1811 1593 1853 Timon

164 1882 333 1938 quidem
370 1882 422 1922 de
457 1882 592 1923 curuli
627 1883 848 1923 certamine
882 1883 1020 1923 victor
1056 1881 1322 1923 renunciatus
1355 1888 1430 1923 est.
1490 1883 1590 1924 Eius

163 1960 208 1994 et
236 1953 310 1992 filii
340 1953 514 2006 effigiem
542 1953 640 1993 fecit
668 1954 872 1994 Daedalus
901 1952 1141 2006 Sicyonius,
1182 1953 1254 2007 qui
1279 1953 1402 1994 victis
1430 1953 1591 2008 praelio

164 2024 396 2065 Laconibus
429 2022 676 2077 trophaeum
696 2024 804 2064 Eleis
833 2025 877 2064 in
901 2024 986 2063 Alti
1016 2029 1198 2063 erectum
1221 2023 1458 2066 elaboravit.
1504 2025 1590 2066 Po-

164 2093 246 2134 sita
277 2094 398 2135 etiam
428 2100 490 2135 est
519 2094 652 2133 Samio
689 2095 821 2148 pugili
858 2101 994 2135 statua
1024 2107 1119 2135 cum
1153 2094 1444 2150 inscriptione,
1482 2109 1590 2150 quae

165 2164 345 2212 dicatam
368 2170 543 2205 testatur
567 2180 589 2204 a
611 2165 780 2206 Mecone
798 2165 1082 2219 gymnicorum
1112 2165 1327 2219 magistro:
1365 2166 1590 2221 eademque

165 2237 310 2284 Samiis
339 2237 383 2276 in
413 2235 620 2279 athleticis
648 2236 959 2287 certaminibus,
991 2242 1033 2276 et
1051 2237 1268 2278 navalibus
1286 2237 1460 2292 pugnis,
1485 2234 1589 2292 pra}

165 2308 313 2349 ceteris
342 2307 510 2351 Ionibus
535 2307 700 2357 laudem
724 2321 919 2354 summam
941 2307 1101 2348 tribuit.
1162 2308 1222 2348 De
1249 2308 1392 2367 pugile
1420 2307 1587 2362 quidem

163 2379 258 2433 ipso
295 2378 536 2423 nominatim
574 2378 688 2425 nulla
725 2378 890 2426 mentio,
963 2376 1042 2434 (5)
1071 2379 1234 2420 Positus
1271 2379 1426 2427 ibidem
1463 2385 1526 2420 est
1561 2395 1588 2421 a

161 2448 373 2494 Messeniis
394 2448 626 2499 Damiscus,
658 2449 729 2502 qui
758 2463 883 2489 annos
909 2455 1031 2492 natus
1061 2449 1303 2503 duodecim,
1333 2450 1509 2510 palmam
1530 2465 1586 2492 ex

163 2517 392 2573 Olympicis
423 2518 532 2558 ludis
560 2519 668 2559 tulit.
729 2520 823 2565 Fuit
851 2527 988 2563 autem
1013 2534 1060 2560 ea
1079 2519 1182 2560 mihi
1199 2534 1265 2561 res
1290 2520 1405 2562 haud
1433 2522 1584 2575 minus,

163 2587 288 2644 qua'm
318 2588 395 2628 alia
425 2589 595 2642 quaevis
626 2589 902 2642 admirationi,
944 2591 1058 2653 quod
1087 2591 1229 2631 eadem
1260 2592 1389 2632 ferme
1416 2592 1584 2633 fortuna

162 2660 372 2711 Messeniis
394 2666 437 2700 et
460 2659 658 2712 patriam,
690 2666 730 2707 et
748 2661 1060 2716 Olympicorum
1076 2663 1269 2703 ludorum
1300 2662 1471 2715 gloriam
1500 2664 1583 2704 eri—

160 2731 315 2791 puerit.
374 2731 517 2784 Neque
558 2731 664 2777 enim
702 2739 920 2794 postquam
949 2748 972 2773 e
1001 2734 1280 2788 Peloponneso
1319 2734 1437 2774 eiecti
1465 2741 1581 2786 sunt,

162 2807 238 2851 ‚aut
257 2815 310 2843 ex
331 2801 569 2856 Naupacto,
600 2809 675 2847 aut
703 2816 726 2844 e
747 2803 905 2857 Sicilia,
935 2812 1099 2860 praeter
1118 2805 1381 2849 Leontiscum
1399 2811 1443 2847 et
1459 2807 1581 2860 Sym-
