1682 3172
190 219 249 265 80
646 211 1150 257 ADNOTATIONES
1222 210 1226 214 ’

190 333 404 377 Aristide-9
421 340 463 384 et
477 332 553 376 ille
569 333 773 388 Polycleti
792 333 1021 390 discipulus
1042 333 1153 390 apud
1174 332 1277 374 Plin.
1289 335 1367 401 84,
1387 337 1432 387 8,
1448 334 1527 388 19,
1540 338 1612 383 12

189 410 245 436 an
260 397 371 437 idem
385 394 511 436 fuerit
510 423 532 446 ,
563 392 745 434 dubium.

301 453 345 509 §-
366 458 407 500 8.
430 460 471 494 et
489 456 529 498 9.
560 452 611 493 de
637 454 887 507 TaramIppo:

190 546 194 552 ,
303 512 345 568 55.
367 517 407 559 8.
449 515 581 566 ,Χῶμα
605 525 682 565 pro
704 512 823 567 δεῖμα
839 510 970 567 Mosq.
992 505 1072 555 οὖν
1088 518 1182 567 post
1205 509 1281 567 μὲν
1299 477 1515 583 wssgatuiu
1531 525 1610 553 au-

189 572 381 614 ctoritate
407 571 560 612 codicis
585 570 714 624 Mosq.
742 570 872 610 omisi.
909 570 1023 611 Idem
1056 569 1118 614 ἔτι
1130 586 1212 626 pro
1240 570 1326 614 ἐστι
1345 577 1389 613 e‘t
1408 566 1558 626 φόβος
1564 568 1613 618 δὲ

128 667 136 679 l
187 631 366 687 praebet.
395 630 485 671 Pro.
495 628 646 672 ἐπίπαν
664 629 825 671 Clavier
843 628 1100 672 ἒπιπλεῖστον
1116 630 1336 684 legendum
1352 629 1610 703 opinabatur.

184 691 300 733 ἵλεον
320 689 450 755 Mosq.
474 703 606 742 ονομα
621 683 813 734 ’.Ὠλένιον
840 683 952 745 αὐτῷ
969 681 1175 742 noemae·
1212 689 1319 740 utri,
1351 685 1474 744 ἀνδρὶ
1494 683 1612 733 (111τό-

183 754 313 820 χθονι
331 761 384 788 an
402 747 488 788 eius
505 743 656 820 τάφῳῖ
697 746 772 800 qui
787 731 992 805 posterius
1016 747 1157 799 malit,
1187 747 1320 802 possit
1337 747 1519 788 excitare
1537 746 1612 790 Az-
1647 756 1649 760 ‘

185 804 369 864 γιαλειον
395 809 576 849 καλεῖται
601 802 650 848 το
682 804 825 863 ’ἡρῷον
851 819 904 844 ex
929 805 970 858 1,
1002 808 1082 863 44,
1108 810 1149 851 7.
1177 818 1300 849 nem
1317 812 1457 848 tamen
1482 806 1612 873 magis

177 863 468 906 -commendari
482 865 648 905 videtur
666 865 797 919 prius.
826 877 1060 919 quanquam
1080 864 1155 918 qui
1169 863 1243 904 hic
1266 860 1483 918 among,
1491 864 1564 913 5⁸³
1558 863 1613 910 ab

186 925 291 966 Istro
313 923 424 980 apud
443 922 698 979 Stephanum
717 923 815 976 Byz.
825 929 878 963 et
895 922 944 963 ab
960 922 1176 964 Eustathio
1194 923 1247 963 ad
1264 923 1476 978 Homer-p
1480 924 1612 969 .883.

187 984 303 1026 Rom.
328 997 406 1024 neo
434 996 522 1034 non
544 997 568 1022 a
589 982 822 1023 Phavorino
840 979 1015 1032 Ὤλενος
1040 989 1236 1033 vocatur,
1275 988 1317 1023 et
1343 936 1612 1034 Anaidtheae,

169 1043 324 1097 'unius
332 1056 354 1081 e
375 1041 648 1094 Danaidibus,
679 1041 871 1095 Iovisque
888 1039 999 1081 filius
1029 1041 1155 1082 fuisse
1175 1039 1428 1095 perhibetur.
1475 1039 1615 1091 .Quod

186 1101 436 1142 Pahnerium
475 1099 717 1151 commovit,
756 1106 807 1140 ut
838 1098 909 1140 hic
945 1113 1111 1155 quoque
1135 1098 1316 1142 ’Ὡλενον
1349 1091 1615 1141 scribendum

189 1166 393 1211 censeret,
426 1173 547 1199 causa
568 1173 655 1199 non
676 1158 848 1210 idonea,
887 1167 985 1198 nam·
1003 1166 1053 1200 ut
1074 1159 1212 1214 Lycus
1234 1165 1276 1199 et
1295 1158 1468 1214 Lycius,
1499 1157 1614 1216 Iasus

190 1225 231 1259 et
260 1219 408 1270 Iasius,
454 1218 592 1258 Icarus
624 1223 665 1258 et
693 1217 848 1258 Icarius
885 1217 1044 1272 duplici
1071 1219 1206 1258 forma
1236 1217 1513 1259 efferebantur
1545 1215 1613 1273 (v.

186 1276 415 1318 Hemsterh.
435 1277 488 1316 ad
503 1274 711 1331 Aristoph.
732 1277 839 1316 Plut.
858 1290 899 1330 p
915 1280 1013 1321 207.
1009 1273 1040 1347 )
1073 1277 1133 1316 sic
1150 1276 1259 1317 idem
1279 1276 1329 1316 ab
1347 1276 1437 1318 aliis
1458 1275 1614 1318 Olenus

189 1336 239 1375 ab
268 1336 359 1376 aliis
390 1335 560 1375 Olenius
590 1334 787 1390 appellari
815 1335 965 1388 potuit.
1009 1331 1196 1377 Ὠλενίαν
1217 1358 1276 1366 -
1297 1334 1460 1392 πέτραν.
1493 1335 1550 1379 de‘
1568 1349 1615 1375 ea

186 1396 240 1435 cf.
267 1394 412 1435 Strabo
430 1394 538 1434 VIII.
555 1409 596 1448 p.
615 1397 714 1440 341.
746 1391 837 1448 (55.
855 1393 1002 1433 Tzsch.
1013 1390 1028 1447 )
1053 1400 1094 1433 et
1111 1397 1209 1440 387.
1236 1391 1393 1450 (313..)
1424 1396 1615 1450 στρατιᾶς

185 1468 264 1509 pro
292 1453 500 1509 στρατείας
525 1459 566 1492 81
587 1452 777 1495 ἐπωλεῖτο
806 1466 885 1506 pro
910 1452 1116 1506 ἐπωχεῖτο
1174 1453 1349 1505 Mirum,
1382 1452 1496 1507 quod
1521 1467 1614 1492 om-

185 1527 259 1554 nes
280 1511 512 1552 editiones
500 1526 545 1551 m
563 1511 667 1551 vitio
686 1510 877 1567 ἐπῳχεῖτο
907 1506 1344 1566 001188111111111.ήρίον
1366 1511 1524 1566 Corayo
1542 1511 1613 1552 ‘vi-

187 1572 360 1611 debatur
375 1570 477 1611 huic
494 1570 588 1610 loco
611 1569 956 1610 accommodatius
978 1584 1101 1624 quam
1120 1569 1337 1623 vulgatum
1348 1568 1494 1628 ἡρῷον
1513 1583 1612 1611 esse.

186 1631 231 1670 Si
252 1630 358 1670 nihil
376 1629 458 1670 11181
482 1629 718 1683 sepulcrum
738 1628 959 1668 Pausanias
994 1629 1224 1682 significare
1249 1628 1471 1682 voluisset,
1491 1627 1615 1671 haud

187 1689 310 1729 dubie
325 1684 461 1743 τάφον
468 1688 693 1758 posuisset.
723 1684 768 1728 τὸ
788 1682 947 1741 μήνιμα
968 1684 1152 1741 ἰωμενος.
1201 1687 1373 1743 Proprie
1390 1687 1613 1732 Herculem

185 1746 230 1791 τὸ
243 1751 405 1804 τραῦμα
428 1743 604 1801 ἰώμενον
627 1746 846 1787 Pausanias
872 1747 980 1786 dixit
994 1746 1069 1799 ΙΙΙ,
1092 1750 1170 1799 20,
1196 1747 1236 1791 5.
1266 1748 1347 1788 Pro
1373 1746 1613 1811 metaphora

186 1807 320 1847 nostri
338 1806 423 1847 loci
442 1812 503 1845 est
517 1802 563 1848 τὸ
575 1804 644 1847 ἐπὶ
656 1805 878 1862 Παυσανίᾳ
895 1801 1056 1860 μήνιμα
1075 1801 1343 1877 αποτρέπειν
1334 1807 1492 1859 1Π,17.
1506 1812 1612 1847 extr.

187 1872 230 1906 et
252 1860 580 1921 αποτρεπόμενος
598 1861 644 1906 τὸ
670 1864 738 1907 ἐπὶ
767 1866 827 1921 τῷ
844 1865 1062 1919 Μυρτίλου
1078 1861 1262 1938 θανατῳ
1286 1860 1445 1921 μήνιμα
1470 1864 1525 1908 ἐκ
1534 1867 1613 1914 τοῦ

185 1928 296 1967 θεοῦ
316 1925 374 1975 V,
399 1928 436 1975 1,
457 1924 496 1968 5.
527 1924 585 1962 Ut
602 1929 663 1963 est
683 1923 728 1962 in
746 1923 966 1976 proverbio
985 1939 1113 1965 κακον
1133 1927 1249 1981 κακῷ
1266 1924 1415 1966 ἰᾶσθαι
1425 1923 1612 1980 (Herod.

185 1983 258 2036 111,
282 1981 377 2036 53.)
390 2013 401 2034 ,
433 1983 492 2022 sic
508 1988 610 2036 puto
635 1982 717 2021 diei
739 1977 897 2035 μήνιμα
919 1982 1065 2024 ἰᾶσθαι
1086 1983 1294 2036 potuisse.
1337 1982 1478 2036 Itaque
1498 1982 1613 2037 quod

189 2044 282 2098 quis
307 2043 354 2087 in
377 2041 552 2082 Aldinae
585 2040 808 2095 exemplari
837 2041 1056 2081 Dresdensi
1092 2041 1234 2080 allevit
1267 2037 1487 2108 ἱλῶμενος,
1524 2047 1613 2082 noxi

188 2098 460 2157 probaverim.
493 2135 498 2140 .
518 2100 650 2140 Locos
675 2100 726 2139 de
741 2100 935 2150 Myrtilo,
968 2099 1054 2139 eius
1081 2099 1224 2139 fraude
1247 2106 1288 2139 et
1307 2100 1480 2141 interitu
1497 2100 1612 2141 indi-

184 2161 373 2201 cavimus
401 2160 453 2200 ad
470 2160 645 2210 Pausan.
663 2157 772 2209 VIII,
804 2161 878 2208 14,
913 2161 953 2202 7.
983 2158 1028 2197 in-
1053 2158 1148 2198 Not.
1181 2157 1233 2198 ad
1260 2158 1419 2206 Hellen.
1450 2174 1491 2214 p.
1512 2162 1610 2206 286.

187 2220 343 2260 Ibidem
359 2222 478 2272 p.28.
501 2218 551 2258 (18
569 2231 760 2257 mensura
779 2216 936 2256 mediae
954 2216 1133 2270 syllabae
1145 2217 1336 2257 diximus.
1356 2218 1461 2258 adde
1474 2219 1612 2272 Apoll.

188 2277 321 2319 Rhod.
343 2277 383 2328 Ι,
405 2278 502 2322 755.
534 2272 789 2331 Παρθάονος
813 2275 932 2328 vulg.
962 2282 1011 2315 ut
1029 2279 1106 2326 21,
1129 2279 1169 2320 7.
1211 2272 1463 2332 Πορθάονος
1479 2277 1611 2331 Mosq.

189 2337 429 2387 Amasaeus,
459 2335 631 2386 Aldina,
662 2341 711 2374 ut
725 2334 802 2385 IV,
826 2336 904 2386 35,
928 2337 965 2378 1.
998 2307 1110 2388 quod
1131 2334 1348 2375 nobiscum
1367 2336 1526 2376 Claviei
1541 2342 1611 2375 ta-

191 2397 271 2436 cite
298 2395 465 2449 recepit.
523 2395 583 2434 De
614 2393 817 2435 Alcathoi
842 2399 973 2433 morte
1007 2408 1095 2447 cap.
1115 2398 1195 2446 21,
1224 2396 1285 2438 7.
1318 2395 1401 2434 Pro
1428 2389 1611 2448 αγόνεων

192 2456 271 2494 (101
272 2468 373 2508 ayus
391 2454 675 2507 suspicabatur
690 2452 906 2505 legendum
927 2466 1013 2491 8888
1033 2448 1280 2507 ἅναγοντων.
1324 2452 1521 2493 Videmus
1540 2458 1610 2491 ta-

190 2528 285 2553 men
303 2513 548 2553 Pausaniam
569 2511 757 2552 similiter
779 2508 971 2550 dixisse’
954 2508 1070 2566 ἄγειν
1090 2510 1132 2560 ἐς
1152 2526 1245 2552 τινα
1275 2525 1404 2565 αρχην
1431 2510 1472 2563 Ι,
1496 2515 1544 2562 6,
1565 2515 1606 2555 2.

191 2571 292 2627 μέρη
310 2567 535 2626 λαμβανειν
554 2573 632 2626 γῆς
645 2571 898 2624 participem
914 2568 1036 2608 redde
1063 2577 1216 2621 terrae,
1246 2569 1429 2609 humari.
1483 2569 1608 2619 Quod

190 2644 315 2682 genus
330 2630 705 2682 loquendividetur
725 2643 746 2668 e
768 2628 956 2678 carmine,
976 2628 1086 2667 unde
1103 2642 1168 2668 res
1188 2634 1322 2667 sumta
1336 2634 1411 2680 est,
1428 2628 1607 2699 petitum

191 2702 289 2728 esse.
331 2688 411 2727 Sed
432 2689 483 2728 cf.
507 2687 749 2730 ἐπιέσασθαι
768 2691 847 2742 γῆν
865 2686 911 2726 111
930 2688 1027 2726 Lex.
1049 2685 1238 2752 Xenoph.
1269 2681 1500 2729 ἀποθανών
1521 2682 1604 2728 ἄπο

189 2747 320 2799 Mosq.
337 2760 413 2799 pro
437 2743 531 2789 ὑπό.
576 2746 729 2787 Eadem
750 2745 900 2786 horum
926 2745 1278 2800 piaepositionum
1306 2745 1492 2785 confusio
1518 2759 1606 2799 cap.

192 2806 274 2858 25,
292 2807 333 2851 4·
358 2807 438 2859 26,
460 2808 500 2851 4.
529 2805 587 2858 V,
611 2808 687 2859 10,
708 2808 749 2850 3.
782 2820 852 2848 ατε
875 2802 920 2850 δὲ
942 2804 1071 2861 Mosq.
1105 2803 1219 2860 quod
1246 2804 1407 2860 placuit
1434 2805 1606 2858 Corayo,
