1682 3172
157 254 245 305 428
580 257 613 268 ··
674 256 1102 308 APKAAJKA‘
1171 253 1201 282 2'
1245 251 1248 253 ’

157 377 230 427 δες
262 372 580 432 ἀποκείρονται
614 379 682 437 τῷ
718 379 938 439 ποτὸᾲιῴ·
935 378 1028 432 τὰς
1064 376 1226 439 κόμας·
1271 379 1330 425 τὰ
1356 378 1472 439 πρὸς
1499 385 1582 426 θα-

154 444 299 511 λάσσῃ
339 444 406 491 δὲ’
423 445 500 491 καὶ
540 444 803 493 οἷναπλεῖται
839 449 1003 503 ναυσὶν
1041 448 1099 494 οὐ
1137 447 1358 535 μεγάλαις
1377 446 1414 519 ἡ
1438 449 1579 533 ΙΝέδας

151 517 366 575 ποταμῶν
395 507 477 571 δε,
496 510 695 572 ὁπόσους
722 516 874 578 ἰ’σμεν,
904 514 1177 578 Μαίανδρος
1206 519 1304 589 μέν
1289 510 1478 578 ’σιίόλὲῷ
1501 516 1582 603 μά-

152 590 279 631 λιστα
307 583 479 632 κάτεισι
508 590 571 650 τῷ
603 583 812 648 ῥεύματι,
843 589 888 644 ἔς
915 606 961 636 τε
989 591 1042 637 τό
1062 608 1156 637 ανω
1177 587 1380 650 καμπὰς,
1395 586 1486 635 καὶ
1504 582 1564 634 αὖ

51 662 221 711 684θις
260 649 536 716 ἐπιστροφὰς
574 659 877 719 παρεχόμὲνος
916 663 1143 716 πλείστας·
1200 654 1388 721 δέύτερα
1417 659 1466 707 δε
1495 653 1580 706 ἔλι-

89 766 92 770 .
145 732 275 787 γμῶν
313 745 363 787 γε
403 728 535 775 ἕνεκα
575 728 761 789 φέροιτο
804 729 862 776 ἂν
898 729 927 790 ἡ
964 731 1102 777 Νέδα.
1175 732 1255 791 (4)
1288 726 1503 786 Σταδιοις
1530 730 1583 778 ’δὲ

147 798 260 845 ὅσον
297 799 472 857 δώδεκα
511 799 738 860 ἀνωτέρω
753 803 971 863 Φιγαλίας
1009 799 1161 860 θερμά
1190 801 1237 848 τέ
1258 802 1360 851 ἐστι
1388 799 1596 869 λουτρα,·

144 871 220 917 καὶ
249 869 425 929 τούτων
454 869 511 917 06
540 869 700 931 πόρῤω
739 871 940 937 κάτεισιν
970 870 997 918 6
1027 870 1188 932 Λύμαξ
1216 871 1262 930 ἐς
1278 859 1373 934 τὴν
1383 872 1578 921 Νέδαν

142 937 176 1003 ᾗ
205 941 254 988 δὲ
285 939 596 1000 συμβάλλουσι
624 960 680 988 τα
717 930 943 1002 ῥεύματα,
986 942 1078 989 ἔστι
1110 946 1191 1003 τῆς
1219 936 1506 1011 Εὐρυνόμης
1525 940 1578 990 τό

144 1011 291 1070 ἱερὸν,
325 1011 458 1072 ἅγιόν
485 1030 532 1059 τε
562 1013 611 1059 ἐκ
639 1018 861 1100 παλαιοῦ,
890 1015 968 1061 καὶ
988 1011 1081 1059 ὑπὸ
1091 1012 1376 1098 τραχύτητος
1392 1017 1477 1062 τοῦ
1496 1019 1579 1074 χώ-

145 1086 248 1140 ριου
280 1082 621 1141 δυσπρόσοδον·
662 1085 764 1141 περὶ
795 1083 907 1132 αύτό
933 1085 1010 1131 καὶ
1039 1083 1317 1170 κυπαρισσοι
1345 1081 1578 1146 πεφύκασι

142 1155 303 1200 πολλαί
341 1171 387 1200 τε
422 1155 498 1200 καὶ
529 1153 742 1215 ἀλλήλαις
777 1161 988 1215 συνεχεῖς.
1047 1153 1130 1215 τὴν
1161 1147 1208 1211 δε
1238 1146 1521 1225 Εύρυνόμην
1549 1155 1593 1204 ὁ”

142 1226 225 1282 μὲν
262 1228 354 1270 τῶν
399 1225 632 1284 Φιγαλέων
674 1228 815 1286 δῆμος
853 1227 1084 1286 ἐπίκλησιν
1126 1223 1244 1272 εἶναι
1284 1222 1577 1276 πεπίστευκεν

139 1294 415 1354 Ἀρτέμιδος·
476 1294 577 1342 ὅσοι
619 1296 666 1343 δὲ
712 1294 866 1342 αὐτων
903 1297 1236 1357 παρειλήφασιν
1274 1297 1575 1359 ὑπομνήματα

142 1366 327 1427 ἀρχαῖα,
354 1366 585 1424 θυγατέρα
599 1365 824 1413 ’.Ωκεανοῦ
857 1381 998 1428 φασιν
1027 1365 1145 1413 εἶναι
1175 1366 1258 1428 τὴν
1283 1366 1571 1428 Εὐρυνόμην,

138 1457 193 1498 ης
223 1438 299 1484 καὶ
316 1437 519 1494 Όμηρος
558 1436 606 1481 έν
641 1435 799 1484 Ἰλιάδι
838 1438 1078 1499 ἐποιήσατο
1111 1438 1311 1499 μνήμην,
1350 1457 1416 1494 ως
1454 1437 1574 1500 ὁμοῦ

141 1508 293 1554 Θέτιδι
330 1506 597 1563 ὑποδέξαιτο
618 1508 889 1566 Ἡφαιστου.
926 1509 1085 1571 ἡμέρᾳ
1125 1509 1182 1555 δε
1211 1513 1268 1578 τῇ
1304 1507 1420 1571 αὐτῇ
1454 1527 1569 1557 κατα

137 1579 237 1632 ἔτος
265 1578 456 1623 εκαστον
484 1576 536 1623 τό
568 1578 692 1636 ἱερὸν
723 1577 1019 1639 ανοιγνύουσι
1048 1584 1127 1639 τῆς
1155 1574 1445 1639 Εὐρυνόμης·
1489 1579 1572 1632 τὸν,
1628 1590 1632 1591 ’
1672 1580 1674 1582 ’

137 1649 186 1696 δὲ
217 1647 357 1695 ἄλλον
384 1647 552 1708 χρόνον
591 1649 650 1695 οὔ
690 1661 848 1708 σφισιν
881 1649 1150 1710 ἀνοιγνύναι
1179 1648 1448 1710 καθέστηκε-
1497 1668 1568 1712 τη-

135 1790 220 1831 eius
252 1791 431 1832 civitatis
461 1793 581 1847 pueri
613 1792 771 1833 crinem
797 1792 928 1833 fluvio
960 1793 1199 1834 detondent.
1257 1793 1400 1834 Netlae'
1425 1795 1564 1835 alveus

133 1862 237 1902 mari
286 1862 502 1917 proximus
551 1863 726 1916 navigiis
766 1863 878 1904 haud
929 1879 1025 1904 sane
1062 1865 1218 1918 magnis
1259 1865 1563 1919 subnavigatur,

133 1933 328 1973 Amnium
369 1947 470 1987 quos
508 1934 699 1974 novimus
730 1935 914 1974 omnium
944 1935 1121 1975 maxime
1151 1936 1317 1990 obliquo
1349 1950 1470 1975 cursu
1499 1937 1563 1976 lu-

132 2003 266 2055 bitur,
306 2003 580 2058 plurimisque
620 2018 662 2043 se
701 2011 815 2043 retro
856 2005 1032 2045 flexibus
1074 2007 1292 2046 convertit.
1353 2004 1562 2047 secundas

130 2073 441 2113 revolutionum
469 2074 635 2113 nomine
664 2074 776 2113 Neda
806 2074 886 2113 sibi
914 2075 1127 2116 vindicare
1158 2083 1293 2131 queat.
1353 2075 1434 2132 (4)
1467 2079 1560 2117 Sta-

132 2144 211 2184 diis
232 2145 329 2187 'fere
357 2143 436 2183 XII
465 2158 588 2198 supra
619 2144 868 2197 Phigaliam,
910 2146 1136 2186 calidarum
1166 2159 1366 2200 aquarum
1392 2150 1559 2190 balneae

130 2221 248 2266 su11t;
289 2229 312 2253 a
342 2213 490 2268 quibus
520 2228 606 2254 non
636 2215 757 2268 longe
785 2215 830 2255 in
858 2215 1012 2256 Nedam
1042 2218 1199 2271 Lymax
1226 2213 1449 2260 descendit.
1508 2221 1557 2260 In

129 2299 274 2325 eorum
311 2285 493 2325 animum
534 2285 777 2338 confluenti,
831 2287 962 2327 veteri
1007 2288 1204 2342 religione
1251 2276 1556 2331 sanctissimum

127 2357 270 2395 fanum
300 2362 362 2395 est
390 2356 669 2409 Eurynomes,
722 2358 773 2397 ob
815 2358 901 2398 loci
937 2359 1195 2412 asperitatem
1226 2347 1351 2402 aditu
1372 2363 1553 2403 difficile.

128 2425 247 2465 Circa
275 2426 413 2480 ipsum
442 2427 596 2467 multae
626 2433 667 2467 et
696 2428 924 2468 condensae
954 2437 1129 2482 surgunt
1160 2431 1353 2485 cupressi.
1412 2432 1552 2487 Eury-

125 2510 275 2536 nomen
310 2497 614 2551 Phigalensium
658 2498 776 2552 plebs
818 2498 971 2539 Dianae
1011 2514 1238 2554 cognomen
1269 2516 1356 2541 esse
1397 2503 1549 2543 credit:

75 2558 77 2560 ¹
125 2567 360 2622 quicunque
379 2583 478 2609 vero
499 2569 755 2623 antiquitatis
774 2576 1037 2610 monumenta
1055 2568 1361 2625 pertractarunt
1373 2602 1383 2622 ‚
1416 2572 1524 2613 Ocea

123 2636 169 2676 ni
198 2637 321 2677 fuisse
349 2639 476 2678 filiam
506 2645 683 2690 norunt,
727 2641 842 2681 cuius
876 2647 917 2680 et
944 2641 1147 2682 Homerus
1177 2643 1221 2683 in
1250 2642 1376 2682 Iliade
1405 2643 1548 2684 fecerit

123 2707 392 2761 mentionem,
437 2708 564 2764 quum
595 2725 682 2750 eam
711 2725 795 2751 una
837 2726 930 2752 cum
958 2712 1129 2753 Thetide
1158 2714 1391 2753 vulcanum
1421 2727 1544 2754 exce—

122 2777 231 2830 pisse
260 2778 421 2820 dixerit.
482 2783 596 2821 stato
628 2781 846 2836 quotannis
871 2782 935 2822 die
954 2783 1208 2837 Eurynomes
1226 2785 1428 2839 templum
1444 2799 1543 2840 ape—
1612 2800 1614 2802 ’
1675 2787 1682 2837 j

122 2847 255 2888 riunt:
288 2850 439 2903 aperiri
469 2852 549 2892 alio
579 2859 765 2908 tempore
794 2867 882 2893 mos
911 2852 1070 2907 patrius
1098 2867 1183 2893 non
1213 2862 1284 2895 est.
1344 2858 1466 2897 Sacra
1495 2871 1541 2896 eo
