1682 3172
153 239 212 286 28
657 238 1009 291 ΗΛΙΑΚῼΝ
1047 244 1089 288 Β

575 356 618 408 C
662 357 712 408 A
754 357 893 409 P-tJ
939 360 986 411 Τ
1056 359 1152 412 VI.

152 462 400 499 Continuam
422 461 595 499 recensio
615 447 812 529 signorum
828 463 1061 501 athletarum
1078 465 1272 514 Olympiae
1294 467 1509 516 positorum
1526 489 1574 498 -

245 534 292 568 de
316 533 503 581 Euthymo
533 533 655 582 pugili
687 555 733 562 --
766 536 899 587 Herois
932 535 1127 573 daemonis
1163 537 1270 574 cultu
1292 540 1528 576 Temessae
1515 553 1573 576 m-

243 605 396 651 stituto,
432 616 554 653 eoque
586 605 636 642 ab
659 606 847 655 Euthymo
871 613 1048 656 superato
1082 627 1132 637 -
1163 609 1316 658 pictura
1345 610 1423 647 huc
1453 601 1575 687 perti-

242 683 370 712 nente.

146 747 271 839 Εν
300 786 349 841 δὲ
373 792 597 855 Ὀλυμπίᾳ
625 793 750 857 παρὰ
779 800 866 842 τοῦ
895 797 1284 857 Πουλυδάμαντος
1311 797 1393 846 τόν
1421 796 1573 858 α’νδρι-

146 869 284 924 άντα,
324 868 409 916 δύο
449 888 495 916 τε
535 871 584 917 ἐκ
622 876 700 930 τῆς
725 870 976 928 Ἀρκάδων,
1020 873 1098 919 καὶ
1125 871 1317 928 Ἀττικός
1361 873 1386 920 6
1425 876 1573 932 τρίτος

143 941 327 1001 ἕστηκεν
347 939 557 1000 ἀθλητής.
597 940 679 987 τὸν
699 940 782 1000 μὲν
802 940 858 1001 δὴ
879 941 1114 987 Μαντινέα
1136 945 1416 999 Πρωτόλαον
1434 948 1572 990 Διαλ-

142 1016 276 1066 κοῦς,
307 1015 463 1071 πυγμῇ
482 1014 648 1066 παῖδας
667 1009 974 1071 κρατήσαντα,
1006 1011 1030 1058 6
1048 1011 1252 1072 Ῥηγῖνος
1270 1010 1569 1072 Πυθαγόρας·

140 1085 412 1142 Ναρυκίδαν
454 1082 500 1127 δὲ
537 1081 619 1127 τὸν
645 1082 921 1140 Δαμαρέτου
957 1082 1208 1141 παλαιστὴν
1238 1081 1385 1149 ἄνδρα
1415 1083 1464 1129 ἐκ
1494 1084 1573 1129 w

137 1155 323 1212 γαλίας,
354 1150 614 1206 Σικυώνιος
633 1153 882 1205 Δαίδαλος·
933 1155 1107 1212 Καλλίᾳ
1137 1153 1186 1199 δὲ
1211 1151 1436 1215 Ἀθηναίῳ
1459 1170 1570 1214 παγ-

137 1215 385 1283 κρατιαστῇ
424 1222 504 1269 τὸν
533 1220 781 1281 ἀνδριάντα
818 1221 934 1282 ἀνὴρ
960 1221 1201 1283 Ἀθηναῖος
1230 1225 1396 1269 Μίκων
1422 1223 1569 1285 ἐποίη-

137 1307 218 1342 σεν
248 1294 272 1342 ὁ
306 1292 555 1354 ζωγράφος.
580 1300 582 1302 ’
624 1292 895 1351 Νικοδάμου
935 1293 984 1339 δὲ
1027 1294 1158 1352 ἔργον
1189 1297 1276 1340 τοῦ
1302 1296 1568 1341 Μαιναλίου

135 1363 500 1425 παγκρατιαστής
536 1363 656 1409 ἐστιν
685 1364 734 1410 ἐκ
763 1363 1010 1410 Μαινάλου
1050 1364 1134 1411 δύο
1164 1366 1294 1419 νίκας
1324 1365 1372 1412 ἐν
1402 1365 1565 1425 ἄνδρά-

136 1447 212 1482 σιν
241 1434 513 1494 ἀνελόμενος
530 1428 863 1494 Ἀνδροσθένης
891 1437 1105 1494 Λοχαίου.
1151 1432 1265 1480 ’Ἐπὶ
1303 1436 1352 1483 δὲ
1385 1436 1568 1493 τούτοις

140 1504 317 1565 Εὐκλῆς
348 1503 577 1551 ἀνάκειται
606 1503 968 1560 Καλλιάνακτος,
999 1505 1129 1564 γένος
1158 1506 1238 1565 μὲν
1261 1504 1457 1563 Ῥόδιος,
1502 1499 1565 1554 oY-

133 1593 223 1624 κου
255 1577 302 1622 δὲ
330 1580 414 1621 τοῦ
444 1577 758 1633 Διαγοριδῶν·
809 1576 1045 1635 Διαγόρου
1082 1594 1169 1635 γαρ
1198 1577 1430 1636 θυγατρὸς
1457 1583 1565 1633 παῖς

133 1643 211 1707 ἦν·
269 1648 317 1693 ἐν
359 1647 407 1692 δὲ
456 1646 649 1705 α’νδράσι
690 1652 867 1706 πυγμῆς
912 1647 1036 1706 ἔσχεν
1070 1646 1381 1708 Ὀλυμπιακην
1414 1651 1561 1709 νίκην.

132 1717 300 1764 τούτου
330 1734 412 1776 μεν
442 1717 496 1776 δὴ
527 1717 555 1777 ἡ
586 1716 719 1763 εἰκών
748 1717 1027 1772 Ναυκύδους
1054 1718 1173 1764 ἐστὶν
1207 1720 1353 1778 ἔργον.
1413 1718 1562 1766 Πολύ-

132 1793 304 1844 κλειτος
333 1788 380 1836 δὲ
407 1786 622 1847 Ἀργεῖος,
655 1805 738 1847 ουχ
768 1787 793 1834 ὁ
823 1793 900 1848 τῆς
911 1788 1058 1847 1’Ἠρας
1075 1789 1128 1836 τὸ
1150 1789 1331 1850 αγαλμα
1352 1789 1560 1850 ποιήσας,

249 1984 346 2023 CAP.
376 1980 444 2023 VI.
502 1980 635 2034 Prope
664 1979 1000 2033 Polydamantem
1038 1986 1198 2021 statuae
1231 1987 1393 2022 erectae
1426 1980 1558 2022 athle—

130 2054 184 2096 tis
223 2055 377 2094 tribus:
426 2065 566 2092 eorum
605 2064 754 2102 unum,
798 2050 1092 2091 Mantinensem
1130 2052 1289 2092 scilicet
1315 2053 1556 2094 Protolaum

128 2123 280 2164 Dialcis
309 2123 461 2172 filium,
507 2123 578 2176 qui
605 2135 757 2175 pueros
786 2121 830 2160 in
858 2122 1044 2175 pugilatu
1072 2123 1192 2174 vicit,
1233 2122 1443 2176 Rheginus
1471 2125 1556 2178 Py-

129 2193 321 2246 thagoras
362 2193 483 2232 fecit:
532 2192 779 2246 Narycidam
811 2192 1018 2232 Damareti
1053 2192 1184 2232 filium
1222 2194 1500 2247 palaestritam
1530 2208 1554 2236 e

127 2264 329 2317 Phigalia,
362 2262 577 2317 Sicyonius
607 2262 831 2302 Daedalus:
874 2263 1029 2302 Callian
1058 2262 1346 2306 Atheniensem
1374 2281 1553 2320 pancra-

127 2335 275 2375 tiasten
307 2335 445 2376 Micon
472 2334 631 2391 pictor,
673 2339 714 2372 et
749 2333 838 2387 ipse
876 2333 1146 2373 Atheniensis.
1215 2335 1271 2376 At
1306 2337 1551 2377 Maenalium

126 2406 452 2459 pancratiasten,
485 2403 812 2445 Androsthenem
835 2404 1011 2444 Lechaei
1040 2405 1189 2457 filium,
1223 2408 1295 2460 qui
1321 2408 1422 2447 duas
1450 2408 1549 2448 tulit

126 2475 268 2514 viriles
298 2477 476 2528 palmas,
508 2470 740 2514 'Maenalius
777 2476 875 2515 item
902 2475 1147 2516 Nicodamus
1175 2478 1285 2517 fecit.
1343 2480 1442 2518 Post
1469 2478 1547 2520 hos

127 2544 274 2585 Eucles
306 2551 465 2585 statuae
493 2544 693 2585 honorem
722 2544 846 2585 habet
870 2545 1126 2587 Callianactis
1155 2545 1263 2588 filius
1284 2547 1491 2601 Rhodius,
1523 2564 1545 2590 e

129 2615 253 2654 domo
285 2615 598 2667 Diagoridarum
627 2625 805 2655 materno
829 2632 986 2670 genere,
1014 2618 1169 2672 quippe
1200 2619 1271 2672 qui
1300 2633 1320 2658 e
1347 2620 1544 2673 Diagorae

128 2685 211 2724 filia
241 2685 400 2738 genitus
429 2692 501 2724 est.
563 2685 818 2739 Olympicam
857 2686 926 2727 hic
966 2701 1158 2729 coronam
1197 2689 1307 2742 cepit
1345 2689 1395 2729 de
1429 2691 1543 2730 viro-

128 2769 222 2797 rum
245 2755 448 2809 pugilatu:
486 2755 701 2809 Naucydes
724 2757 863 2810 opifex
883 2758 972 2799 fuit.
1020 2759 1298 2799 palaestritam
1319 2774 1418 2800 vero
1437 2775 1541 2814 pue-

130 2839 242 2878 rum,
283 2825 520 2867 Thebanum
550 2825 793 2881 Agenorem,
831 2829 1065 2883 Polycletus
1094 2829 1271 2884 Argivus
1301 2830 1538 2886 elaboravit,
