1676 3172
160 261 247 307 256
312 217 321 232 ⁸
617 222 1132 302 ADNOTATIONES

161 376 348 418 CXVII.“
378 390 400 416 e
415 375 555 417 Museo
581 375 679 416 erit.
701 377 890 419 Cantabr.
907 377 998 418 ml.
1019 392 1061 432 p.
1075 381 1143 422 31.
1174 377 1468 420 Friedemanni·
1482 381 1563 420 ami

160 436 258 474 citia
280 449 443 475 mecum
465 435 798 475 communicavit.
829 435 910 476 Sed
928 434 1166 476 scholiastae
1177 437 1385 479 Pindarici
1399 438 1589 487 testimo·-

158 493 275 532 nimn
294 492 512 533 Pausaniae
540 499 682 534 tuetm·
710 494 945 534 auctoritas.
974 490 1194 550 ποιήτρυια
1211 494 1342 549 Mosq.
1359 495 1432 539 καὶ
1453 493 1509 550 δή
1527 517 1588 528 -

82 592 86 595 ,
126 579 130 582 -
158 549 204 592 δὲ
226 548 331 594 οἶδα.
359 552 538 591 Iustinus
555 551 660 602 XII,
686 555 752 595 14.
777 552 827 591 de
849 565 1007 592 veneno
1029 552 1262 593 Alexandro
1284 566 1431 607 magno
1451 552 1588 608 Baby-

157 609 253 648 lone
278 610 374 649 ‹lato
395 610 473 649 ita:
506 610 653 661 „cuius
675 611 822 650 veneni
844 616 960 651 tanta
977 610 1040 650 vis
1058 611 1158 662 fuit,
1188 617 1236 651 ut
1253 625 1339 652 non
1363 625 1472 663 aere,
1502 626 1589 662 non

157 668 288 718 ferro,
320 681 411 707 non
434 674 540 706 testa
574 667 877 719 contineretur,
907 682 986 708 nec
1016 669 1135 708 aliter
1161 669 1280 721 ferri,
1321 670 1402 710 nisi
1432 671 1590 723 ungula

158 726 254 778 equi
286 726 516 779 potuerit.“
557 725 806 766 Plutarchus
837 725 882 765 in
908 740 949 766 v.
968 725 1085 766 Alex.
1107 730 1134 769 7
1138 728 1176 770 7.
1210 733 1251 766 et
1270 727 1587 779 Pliniusxxx,

158 787 226 828 16.
246 782 350 839 (53.)
374 785 586 834 asininas,
619 784 786 824 Curtius
802 785 856 834 X,
882 786 947 827 10.
974 786 1148 823 iumenti
1170 786 1373 839 ungulas,
1407 793 1586 840 ponunt,

158 842 327 881 eandem
359 842 409 882 de
437 841 666 881 Alexandri
687 842 742 883 M.
772 847 905 893 morte
934 843 1085 882 famam
1114 843 1356 896 referentes,
1372 844 1590 884 ·Ae1ianus

156 906 292 940 autem
310 900 362 940 H.
377 900 425 940 A.
451 901 510 950 X,
537 902 606 944 40.
638 901 754 951 asini]
772 914 902 945 cornu
927 901 1122 952 Scythici.
1155 900 1415 956 ἐμβληθέντα
1431 901 1560 956 Mos'q.

270 956 312 1012 ᾗ.
344 963 382 1002 3.
429 955 537 1014 ’Όρη
565 953 759 1012 Ἀροάνια
786 972 872 998 non
904 958 993 998 aliis
1023 965 1248 999 memorata
1281 966 1390 1001 sunt.
1433 959 1590 1005 Gellius

155 1022 292 1057 tamen
316 1018 361 1055 in
379 1016 518 1057 Itiner.
546 1017 594 1056 of
608 1016 680 1055 the
699 1017 841 1056 Morea
865 1030 908 1070 p.
933 1019 1030 1060 130.
1061 1017 1163 1056 dicit
1189 1018 1243 1058 ad
1268 1017 1478 1058 sinistram
1498 1018 1591 1059 viae

155 1090 178 1113 a
199 1074 407 1128 Lycouria
426 1088 568 1114 versus
580 1075 782 1114 Katzanes
801 1087 844 1115 se
864 1074 1018 1114 vidisse
1038 1081 1135 1129 post
1157 1075 1332 1115 duarum
1354 1077 1439 1116 fere
1458 1075 1590 1117 hora—

154 1147 250 1173 rum
270 1132 350 1172 iter
371 1137 570 1183 montem,
603 1147 724 1186 quem
750 1147 838 1173 non
855 1133 1060 1184 nominat,
1093 1133 1143 1172 de
1165 1147 1246 1187 quo
1271 1134 1407 1189 addit:
1451 1133 1591 1187 „high

154 1206 212 1245 up
234 1192 269 1230 is
290 1205 312 1229 a
334 1204 443 1230 cave.
499 1188 630 1230 There
661 1191 696 1230 is
721 1205 744 1230 a
770 1196 887 1244 story
918 1192 966 1232 os
983 1190 1055 1231 the
1083 1190 1301 1244 daughters
1331 1192 1380 1232 of
1397 1192 1589 1244 Proetus,

153 1248 297 1288 which
318 1263 415 1302 may
437 1249 565 1303 apply
582 1254 626 1287 to
649 1247 732 1288 this
754 1249 896 1303 spot.“
945 1249 1135 1289 Fortasse
1160 1246 1209 1300 ἃς
1231 1245 1492 1304 Μελάμπους
1512 1250 1590 1290 de-

153 1309 238 1347 leto
263 1307 435 1348 articulo
453 1307 673 1360 legendum
692 1313 764 1346 est.
796 1302 922 1360 ὅρους
947 1310 1024 1349 τοῦ
1045 1303 1273 1363 Ἀροανίων
1297 1306 1445 1361 vulgo3
1490 1309 1590 1362 Syl-

153 1366 323 1418 burgius
355 1364 532 1404 malebat
564 1362 687 1419 ὅρους
719 1368 804 1406 τῶν
833 1361 914 1419 Ἀρ.
944 1371 1077 1416 recte3
1121 1365 1181 1404 sic
1205 1379 1293 1419 cap.
1318 1368 1372 1409 17
1382 1370 1465 1416 ,14.
1494 1362 1591 1421 ’ὄρος

155 1419 392 1478 Χελυδόρεα
428 1428 469 1461 et
500 1419 598 1477 ὅρος
629 1424 713 1463 τῶν
749 1421 1028 1477 Χελυδορέων.
1082 1422 1188 1461 Urbs
1205 1422 1404 1462 Arcadiae
1424 1423 1590 1469 Λουσοὶ

154 1482 278 1522 etiam
299 1481 410 1535 apud
421 1479 674 1533 Stephanum
695 1479 793 1533 Byz.
814 1493 896 1532 quo
913 1485 1108 1519 narrante
1130 1480 1188 1519 ibi
1201 1480 1427 1535 Melampus
1447 1480 1591 1531 ἔλουσε

153 1537 226 1589 τοὶς
247 1539 430 1594 Προίτου
454 1536 686 1593 θυγατέρας
715 1537 787 1579 καὶ
816 1537 967 1582 ἔπαυσε
996 1540 1070 1590 τῆς
1103 1537 1263 1590 μανίας.
1311 1538 1437 1592 Apud
1461 1537 1589 1579 calli-

153 1596 345 1638 maehum
376 1596 418 1635 h.
449 1596 495 1635 in
525 1595 644 1634 Dian.
669 1596 769 1639 235.
801 1599 842 1634 et
869 1591 1118 1634 scholiasten
1153 1600 1214 1634 est
1241 1590 1293 1637 ’τοὶ
1317 1599 1516 1647 Λοῦσσα,
1547 1602 1590 1637 et
1658 1612 1662 1614 “

155 1656 268 1710 apud
287 1653 507 1708 Polybium
530 1653 597 1704 IV,
626 1656 694 1698 18.
724 1653 806 1704 IX,
828 1656 898 1698 84.
937 1650 1121 1694 Λούσων
1155 1655 1196 1692 et
1215 1649 1414 1704 Λούσοις.
1471 1653 1590 1694 Vici-

152 1729 250 1755 nam
270 1720 409 1753 tamen
431 1711 539 1751 hanc
558 1711 703 1750 urbem
722 1711 858 1764 Stygis
892 1723 1021 1764 aquae
1048 1711 1194 1763 fuisse,
1226 1725 1279 1750 ex
1302 1712 1589 1766 epigrammate

151 1773 200 1812 in
224 1768 379 1813 Aeli‘an.
402 1771 451 1812 N.
472 1770 520 1809 A.
543 1770 603 1820 X,
635 1772 705 1812 40.
746 1769 1012 1822 intelligitur,
1053 1769 1125 1808 ubi
1154 1766 1256 1809 haec
1291 1784 1398 1823 aqua
1429 1766 1590 1826 Στυγὸς

152 1830 393 1884 Λουσηΐδος
416 1829 549 1885 ῥεῦμα
570 1834 760 1868 vocatur.
791 1823 966 1881 ἠκέσατο
987 1826 1060 1866 hic
1086 1840 1180 1866 cum
1201 1827 1396 1868 Genitivo'
1416 1831 1492 1882 τῆς
1514 1845 1589 1883 μα-

153 1890 267 1941 νίας,
298 1887 396 1942 quia
417 1886 497 1926 est‘:
528 1884 723 1925 sanando
744 1885 938 1926 liberavit
962 1887 1143 1926 insania.
1175 1880 1347 1928 οἷκέσατο
1367 1885 1498 1941 Mosq.
1527 1887 1589 1927 De

152 1945 531 2003 DianaJIusqvqslye
558 1945 607 1983 ef.
638 1943 791 1998 Spanh.
818 1944 870 1983 ad
898 1943 1054 1983 callim.
1087 1939 1129 1983 h.
1159 1943 1206 1982 in
1235 1943 1352 1984 Dian.
1374 1948 1485 1995 236,
1517 1945 1588 1998 qui

153 2013 291 2045 tamen
311 2010 360 2043 ut
380 2003 421 2044 C.
443 2002 699 2054 Rhodiginus
720 2003 830 2043 Lect.
850 2002 977 2052 XVII,
999 2006 1039 2045 4.
1070 2001 1116 2041 in
1135 2001 1332 2041 Pausania
1352 2002 1453 2055 legit
1473 2001 1588 2055 Ἡμε-
1669 2026 1672 2032 s

155 2060 329 2120 ράσιαν,
360 2067 424 2112 et,
453 2060 534 2100 nisi
563 2060 709 2111 fallor,
740 2067 874 2111 >rec'te3
916 2073 1094 2113 namque
1122 2059 1168 2098 in
1193 2058 1390 2099 Arcadica
1409 2059 1586 2100 dialecto

154 2138 183 2176 η
204 2122 288 2161 fere
305 2118 518 2160 transiisse
538 2118 704 2157 videtur
722 2118 768 2157 in
792 2135 818 2160 α
847 2118 897 2157 cf.
921 2132 1010 2171 cap.
1032 2120 1108 2167 23,
1132 2121 1172 2162 3.
1221 2114 1411 2157 Fortasse
1431 2131 1453 2157 e
1473 2117 1588 2158 Mos-

157 2178 304 2233 quensi
322 2177 511 2217 'lectione
539 2174 782 2231 Ἡμεροσίαν
811 2176 920 2216 idem
950 2175 1175 2215 eruendum
1208 2181 1278 2216 est.
1330 2173 1423 2227 Hoc
1451 2182 1586 2215 autem

154 2238 312 2277 Dianae
339 2232 452 2290 ἱερόν
488 2234 653 2274 videtur
687 2247 771 2274 esse
799 2234 929 2286 idem,
961 2216 1074 2286 qdod
1100 2231 1296 2285 Polybius
1316 2233 1388 2285 IV,
1414 2237 1481 2278 18.
1510 2233 1584 2284 ΙΧ,

154 2299 225 2341 34.
255 2294 376 2349 ponit
397 2292 505 2332 inter
526 2292 743 2332 Cleitorem
766 2298 806 2331 et
827 2289 1088 2345 Cynaetham.
1138 2288 1351 2339 Caeterum
1378 2290 1428 2331 de
1447 2291 1587 2331 Proeti

153 2353 321 2396 filiabus
346 2366 369 2390 a
390 2350 648 2404 Melampode
668 2351 820 2389 sanatis
850 2351 902 2389 cf.
924 2349 1179 2402 Pherecydes
1197 2349 1244 2390 in
1266 2347 1359 2392 Seh.
1393 2349 1446 2390 ad.
1464 2349 1584 2391 Hom.
1633 2393 1639 2401 .

156 2413 236 2460 od.
254 2410 358 2465 XV,
375 2409 475 2454 225.
498 2414 538 2449 et
559 2410 678 2449 Sturz
703 2409 756 2448 ad
773 2406 931 2462 Fragm.
953 2423 996 2463 p.
1022 2411 1108 2453 132
1126 2420 1187 2461 sq.

518 2576 945 2657 'CAPUT
1014 2574 1179 2652 xix:

271 2702 313 2759 5.
343 2704 383 2749 1.
443 2702 713 2752 Κυναιθαεῖς.
763 2699 923 2740 Horum
959 2698 1060 2738 urbs
1082 2692 1294 2739 -Κύναιθοι
1327 2695 1396 2739 vel
1427 2695 1584 2740 Κυναί-

155 2768 254 2808 fieta
273 2763 382 2816 apud
396 2760 669 2815 Stephanum,
701 2759 775 2812 qui
793 2772 943 2799 nomen
963 2773 986 2797 a
1001 2755 1207 2810 Cbazaetlzo
1218 2785 1230 2806 ,
1259 2755 1460 2808 Lycaonis
1479 2755 1582 2806 filio,

156 2822 305 2867 Berkel
331 2825 467 2862 autem
495 2833 519 2861 a
535 2817 823 2863 venationibus
851 2823 890 2859 et
913 2815 1100 2869 canibus,
1128 2810 1278 2868 quibus
1302 2814 1460 2855 incolae
1480 2826 1582 2869 ope,—
1606 2861 1611 2868 ,
