1682 3172
140 235 201 289 24
575 255 579 261 ·
639 226 1129 282 ΗΛΙΑΚΩΝΒ*

581 341 624 404 G
666 353 716 406 A
760 340 804 405 'P
847 354 927 404 U
942 352 991 405 -T
1072 349 1136 404 V.

143 461 301 513 Signum
321 430 621 521 Polydamantis,
647 458 714 508 qui
736 447 882 495 statura
904 455 1088 507 corporis
1098 466 1234 493 omnes
1255 453 1469 508 superavit,
1501 443 1570 491 ne-

234 531 366 568 roihus
391 529 556 578 exceptis
583 550 632 557 --
660 529 709 566 de
733 532 949 576 Scotussae,
980 526 1260 580 Polydamantis
1281 527 1450 588 putige,
1467 497 1570 567 {atis

232 622 282 632 -—-
305 589 589 650 Polydamantis
612 600 707 648 alia,
731 606 887 650 praeter
907 600 1109 637 victoriam
1133 598 1396 649 Olympicamg
1413 595 1572 662 fortiter

235 674 342 711 facta
364 678 572 710 narrantur
595 691 644 701 --
667 673 715 710 de
738 671 1021 720 Pulydamantis
1043 671 1215 709 interitu.

137 767 231 844 0
261 802 311 849 δὲ
342 800 414 848 ἐπὶ
439 786 504 862 τῷ
539 800 700 862 βάθρῳ
729 802 794 862 τῷ
821 799 1008 861 ὑψηλῷ,
1051 801 1295 847 Λυσίππου
1333 799 1415 862 μέν
1451 790 1574 865 ἔστιν

141 874 300 933 ἔργον,
336 868 544 932 μέγιστος
583 870 633 918 δε
674 869 887 918 ἁπάντων
919 869 1094 929 ἐγένετο
1133 869 1421 956 ἀνθρώπων,
1454 855 1575 931 πλην

139 947 232 990 τῶν
262 942 427 1003 ἡρώων
451 941 770 1001 καλουμένων,
799 940 875 986 καὶ
905 937 945 986 εἰ
974 938 1032 1001 δή
1060 956 1104 986 τι
1133 939 1242 999 ἄλλο
1262 934 1331 1000 ἦν
1361 939 1452 1025 πρὸ
1482 958 1576 990 των

138 1011 306 1099 ἥρω’ων
334 1010 509 1073 θνητὸν
529 1009 678 1070 γένος·
722 1008 984 1066 ἀνθρωπων
1014 1010 1063 1056 δὲ
1091 1013 1184 1056 τῶν
1210 1008 1326 1056 καθ’
1343 998 1472 1072 ἡμας
1499 1006 1577 1079 οὖ-

137 1083 217 1138 τός
241 1083 360 1129 ἐστιν
383 1080 408 1128 ὁ
428 1082 635 1140 μέγιστος
657 1078 965 1138 Πουλυδάμας
986 1081 1167 1125 Νικίου.
1211 1080 1292 1139 (2)
1307 1076 1576 1148 Σκότουσσα

139 1152 234 1200 δε*
207 1171 236 1212 η
256 1155 341 1197 τοῦ
364 1143 756 1210 Πουλυδάμαντος
776 1150 938 1208 πατρὶς
961 1166 1046 1196 ουκ
1066 1147 1224 1210 ᾠκεῖτο
1247 1150 1311 1196 ἔτι
1336 1137 1414 1211 ἐφ’
1435 1151 1574 1213 ἡμῶν.

137 1221 432 1279 Ἀλέξανδρος
457 1220 547 1281 γὰρ
585 1220 678 1308 τὴν
704 1219 838 1267 πόλιν
871 1219 896 1266 ὁ
936 1196 1144 1277 Φεραίων
1174 1220 1469 1308 τυραννήσας
1499 1240 1576 1270 κα-

139 1293 296 1354 τέλαβε
327 1293 566 1347 σπονδαῖς,
607 1291 684 1338 καὶ
713 1291 1072 1336 Σκοτουσσαίων
1100 1287 1210 1343 τούς
1238 1307 1284 1336 τε
1317 1290 1396 1346 ές
1390 1290 1443 1340 τὸ
1470 1292 1576 1343 θέα-

139 1380 252 1424 τρον
282 1361 653 1421 συνειλεγμένους
694 1360 844 1420 (ἔτυχε
874 1359 962 1436 γάρ
994 1371 1124 1420 σφισι
1151 1360 1228 1406 καὶ
1267 1359 1496 1426 ἐκκλησία
1502 1381 1577 1427 τη-

138 1432 334 1507 νικαῦτα
364 1426 506 1490 οὖσα)
535 1431 728 1486 τούτους
756 1448 803 1477 τε
833 1430 1034 1485 απαντας
1062 1430 1376 1493 κατηκόντισε,
1412 1433 1576 1483 πελτα-
1642 1427 1651 1436 Α

142 1510 269 1559 σταῖς
290 1504 340 1550 ἐν
359 1504 512 1564 κύκλῳ
534 1500 758 1560 περισχων
779 1501 855 1548 καὶ
881 1500 1104 1557 τοξόταις,
1131 1503 1207 1548 καὶ
1236 1502 1287 1550 τὸ
1318 1502 1429 1551 αλλο
1455 1495 1575 1554 οσον

141 1578 192 1624 έν
219 1576 375 1636 ἡλικία
403 1571 726 1632 κατεφόνευσε,
757 1576 977 1630 γυναῖκας
1009 1572 1058 1618 δὲ
1088 1570 1280 1619 ἀπέδοτο
1300 1575 1375 1620 καὶ
1394 1576 1574 1634 παῖδας,

141 1647 311 1708 μισθὸν
331 1642 449 1690 εἶναι
470 1643 526 1688 τὰ
543 1642 747 1702 χρήματα
764 1646 860 1695 τοῖς
883 1642 1036 1697 ξένοις.
1082 1642 1196 1703 αὕτη
1215 1647 1576 1702 Σκοτουσσαίοις

141 1717 180 1777 ἦ,
202 1713 418 1777 συμφορὰ
450 1714 779 1773 Φρασικλείδου
810 1711 895 1772 μὲν
933 1710 1175 1774 Ἀθήνῃσιν
1213 1713 1389 1774 ἐγένετο
1419 1718 1576 1779 ἄρχον.

259 1892 358 1933 CAP.
387 1891 438 1932 V.
490 1890 575 1931 Iam
604 1903 706 1931 vero
738 1890 810 1944 qui
839 1904 862 1931 e
891 1890 999 1930 celsa
1030 1889 1115 1944 pila
1145 1891 1315 1944 eminet,
1347 1907 1467 1947 quem
1489 1894 1575 1948 Ly·-

144 1964 287 2018 sippus
316 1962 438 2012 fecit,
469 1960 506 2000 is
537 1960 718 2000 omnium
742 1960 976 2013 hominum,
1005 1959 1224 2013 heroibus,
1257 1969 1298 2003 et
1328 1963 1363 2002 si
1396 1978 1476 2018 qua
1494 1965 1585 2005 suit·

143 2035 222 2074 alia
261 2033 476 2074 hominum
514 2037 611 2070 ante
646 2030 794 2071 heroas
831 2031 965 2083 natio,
1006 2032 1206 2086 exceptis,
1250 2033 1431 2074 omnium
1461 2041 1575 2076 certe

146 2105 289 2144 aetatis
320 2108 485 2143 nostrae
510 2099 722 2142 hominum
749 2109 905 2143 statura
926 2103 1113 2155 corporis
1135 2103 1337 2146 maximus
1359 2105 1461 2157 fuit,
1491 2106 1575 2146 Po-

144 2174 330 2228 lydamas
359 2170 499 2213 Niciae
528 2170 659 2224 filius,
705 2170 785 2227 (2)
819 2172 936 2211 cuius
966 2172 1102 2213 Patria
1123 2175 1317 2219 Scotussa
1341 2176 1466 2230 plane
1498 2177 1575 2218 de·-

144 2244 229 2284 leta
259 2250 332 2284 est.
391 2241 627 2283 Alexander
657 2242 762 2282 enim
788 2242 1066 2283 Pheraeorum
1095 2250 1295 2298 tyrannus
1323 2245 1572 2300 foederibus,

147 2314 297 2366 qujbus
329 2319 418 2354 erat
450 2328 543 2354 cum
571 2314 642 2353 illo
676 2314 918 2365 coniuncta,
953 2313 1135 2366 violatis,
1166 2314 1218 2354 de
1246 2315 1472 2370 improviso
1500 2332 1572 2362 ur..

146 2384 241 2424 bem
271 2385 404 2438 cepit3
451 2399 499 2424 ao
528 2384 579 2424 de
609 2384 860 2424 Scotussaeis
895 2398 965 2424 eos
996 2385 1067 2438 qui
1095 2386 1138 2425 in
1168 2385 1375 2426 theatrum
1411 2388 1573 2428 conflu-

147 2461 292 2494 xerunt
323 2453 455 2510 (forte
486 2456 592 2496 enim
622 2455 678 2496 eis
707 2462 807 2494 tunc
829 2454 984 2495 indicta
1011 2462 1097 2495 erat
1122 2455 1291 2512 concio)
1321 2457 1572 2510 peltatorum

152 2531 194 2565 et
223 2525 526 2577 sagittariorum
555 2540 681 2565 manu.
708 2524 890 2578 undique
920 2525 1214 2580 circumseptos
1245 2527 1298 2566 ad
1324 2542 1452 2568 unum
1481 2544 1571 2569 om·-

149 2610 220 2634 nes
250 2595 394 2634 iaculis
425 2596 628 2647 consedit3
674 2595 849 2649 puberes
879 2597 1022 2646 etiam,
1054 2603 1259 2650 quotquot
1293 2605 1448 2650 essent,
1479 2606 1571 2640 tru-

151 2665 349 2706 cidandos
380 2666 562 2717 curavit;
602 2666 796 2705 foeminas
828 2671 870 2704 et
898 2680 1050 2719 pueros
1079 2664 1153 2706 sub
1184 2682 1335 2708 corona
1362 2669 1568 2710 vendidit:

152 2735 204 2775 de
243 2735 382 2788 precio
421 2735 670 2779 mercenario
710 2736 831 2774 militi
869 2736 1116 2789 stipendium
1154 2736 1283 2777 dedit.
1354 2738 1570 2793 Oppressit

153 2805 324 2846 exitium
359 2804 439 2845 hoc
474 2807 736 2847 Scotussaeos
764 2804 1016 2847 thsiclide
1052 2819 1254 2848 summum
1283 2808 1453 2851 Athenis
1481 2825 1566 2852 ma·-
