1676 3172
163 275 249 315 244
623 265 1128 310 ADNOTATIONES

163 384 335 427 verinus
355 397 398 424 v.
412 381 642 440 (ἐπέβρισαν
664 390 826 435 monet,
858 382 895 428 εἰ
916 382 1114 442 ζὲρεθρον
1137 382 1186 429 τὰ
1203 380 1426 442 βάραθρον
1445 385 1489 430 οἰ
1505 381 1589 440 Ἀρ-

99 457 107 460 “
161 440 286 493 κάδες
309 442 461 495 φασίν,
494 439 546 485 ου’
570 438 683 484 πάνυ
705 445 842 495 δῆλον.
894 440 1095 486 Φενεάται
1115 444 1261 496 vulgo,
1294 444 1415 484 etiam
1435 452 1590 499 postea.

161 499 276 556 παρὰ
292 496 496 557 Λαονόμῃ
518 522 577 531 --
599 503 843 555 Λυσιδίκης.
883 496 1006 542 Paulo
1033 503 1152 549 aliter
1169 502 1448 556 Apollodorus
1467 503 1529 555 II,
1550 506 1590 553 4,

164 562 203 606 5.
229 564 270 605 6.
319 559 412 598 Alia
433 560 644 598 Laonome
665 566 727 598 est
751 560 797 599 in
821 559 997 600 Scholiis
1017 561 1228 614 Apollonii
1250 560 1291 611 I,
1319 565 1443 606 1241.
1481 565 1594 609 Λαο-

166 615 298 674 μόνης
319 617 449 669 Mosq.
483 614 650 659 Γούνεω
673 619 819 670 vulg03
856 619 1009 658 rectius
1029 619 1246 659 videbatur
1269 618 1488 672 Sylburgio
1511 632 1595 659 esse

168 674 356 724 Γουνέως
374 681 420 713 ut
443 688 530 729 cap.
556 679 636 726 18,
665 679 703 718 1.
735 676 805 715 sed
829 676 900 715 ille
924 677 1170 717 Homericus
1187 674 1368 726 Γουνεΰς
1389 678 1493 718 alius
1521 685 1594 725 est,

167 735 268 774 alius
300 739 442 773 noster
467 729 656 786 Γούνης,
695 748 932 787 quanquam
961 742 1185 790 utrumque
1215 748 1365 774 nomen
1395 736 1548 778 factum
1573 750 1597 774 a

165 795 330 848 γοῦνος.
383 791 440 830 De
472 790 553 829 hac
574 791 771 843 Isvsidice
801 792 881 831 alia
910 794 1020 833 tradi
1048 793 1096 833 ab
1120 793 1335 847 Euripide,
1366 793 1596 845 Heraclide,

167 848 391 891 Plutarcho
414 855 454 887 et
473 849 642 889 Pindari
660 849 879 890 scholiasta
897 852 1122 892 Palmerius
1141 852 1223 891 iam
1240 851 1423 903 monuit3
1452 865 1596 894 rursus

168 910 248 949 alia
276 908 324 946 ab
347 907 600 960 Apollodoro
624 907 699 960 111,
733 912 783 960 4,
816 910 856 953 5.
896 911 1111 950 Amasaeus
1144 910 1362 964 scripserat
1377 910 1597 951 Laodices.

168 968 338 1009 πίθοιτο
358 965 544 1017 Vulgata·
576 967 765 1008 πείθοιτο
787 968 918 1021 Mosq.
950 969 1065 1022 quod
1080 969 1270 1022 praetuli.
1300 969 1352 1008 cf.
1374 970 1426 1010 ad
1447 984 1535 1026 cap.
1554 975 1597 1024 2,

169 1030 210 1070 2.
233 1025 326 1065 adn.
374 1023 492 1063 Adde
516 1037 568 1062 ex
588 1024 685 1075 VII,
709 1029 761 1068 21
778 1056 789 1076 ‚
813 1032 852 1070 3.
883 1028 1073 1069 πείθοιτο
1095 1026 1170 1081 μὲν
1195 1025 1248 1070 ἅν
1270 1041 1343 1075 τις,
1390 1070 1394 1073 ,
1467 1053 1476 1063 =

284 1080 326 1135 ς.
358 1085 397 1125 3.
455 1077 801 1137 Ὀλκίῳ-.”Ολκιον
822 1085 948 1137 Mosq.
985 1086 1133 1126 Olbias
1152 1100 1264 1125 nunc
1297 1086 1597 1139 Tranopotamo

171 1155 241 1181 seu
274 1153 458 1194 magnus
469 1141 641 1193 fluvias
667 1148 843 1181 vocatur
863 1144 1064 1183 referente
1088 1144 1222 1183 Gellio
1247 1145 1292 1184 in
1313 1145 1530 1186 Narrative
1557 1147 1605 1186 of

170 1214 193 1239 a
216 1200 364 1241 Iourn.
383 1198 429 1237 in
446 1197 516 1238 the
534 1197 637 1240 Mor.
666 1213 707 1252 p.
732 1203 829 1244 374.
869 1200 984 1240 Idem
1012 1203 1058 1241 in
1077 1201 1281 1256 Itinerary
1307 1205 1355 1244 of
1371 1202 1442 1243 the
1462 1203 1602 1244 Morea

168 1272 210 1312 p.
236 1258 330 1300 151.
356 1263 396 1295 et
420 1257 515 1300 154.
548 1256 715 1296 Olbium
747 1272 820 1297 seu
841 1258 1068 1300 Aroanium
1092 1261 1212 1314 ponit
1241 1262 1351 1302 inter
1380 1260 1599 1315 Pheneum,

171 1315 479 1355 Orchomenum
508 1320 550 1354 et
575 1315 769 1368 paludem
797 1317 1135 1370 Stymphalidem.
1166 1319 1270 1359 adde
1296 1321 1347 1361 de
1367 1318 1450 1360 hoc
1470 1321 1600 1361 fluvio

98 1407 106 1413 2
170 1373 264 1415 adn.
288 1372 340 1412 ad
358 1370 454 1426 §.4
472 1371 708 1414 καταλιπών
730 1373 1098 1430 k'kvtqovVulgata3
1130 1378 1294 1418 correxi
1317 1391 1414 1423 cum
1424 1379 1599 1419 Schnei-

173 1431 272 1472 dero
297 1427 532 1472 καταλιπών
549 1427 594 1471 τὸ
614 1430 789 1486 ἔλυτρον.

285 1487 328 1542 5.
358 1491 399 1532 4.
459 1488 654 1537 Σταδίοις
683 1503 760 1542 pro
789 1489 960 1542 vulgato
992 1491 1184 1542 σταδίους
1214 1493 1320 1535 dedi.
1349 1494 1415 1539 -cf,
1437 1493 1490 1543 ad
1513 1508 1601 1550 cap.

172 1549 252 1596 21,
277 1550 316 1590 3.
348 1544 457 1588 ἐστὶν
481 1545 512 1599 ἦ
535 1542 656 1594 πόλις
686 1547 773 1586 scil.
796 1545 960 1598 Φενεός.
1012 1549 1135 1600 „The
1155 1551 1327 1591 Phonia
1349 1567 1398 1592 or
1416 1551 1603 1593 theu&

107 1634 119 1651 2
174 1606 221 1644 of
235 1604 397 1657 history
415 1617 501 1643 was
525 1603 738 1658 evidently
757 1606 905 1659 placed
924 1620 1041 1660 upon
1063 1622 1116 1648 an
1133 1608 1340 1650 insulated
1354 1610 1453 1661 hill,
1479 1610 1604 1652 south

175 1669 259 1702 east
279 1663 326 1702 of
343 1661 414 1701 the
445 1661 618 1701 modern
641 1667 777 1714 town,
807 1663 948 1704 where
968 1665 1041 1708 the
1060 1666 1177 1706 ruins
1206 1668 1255 1707 of
1268 1667 1339 1708 the
1356 1667 1603 1710 whole.cir—

176 1721 265 1760 cuit
294 1721 341 1759 of
364 1719 436 1759 the
468 1720 568 1758 wall
600 1734 669 1760 are
694 1720 878 1761 visible“
922 1723 1035 1763 Gells
1055 1725 1270 1765 Narrative
1292 1726 1341 1766 of
1358 1742 1379 1766 a
1400 1726 1538 1769 lom-n.
1557 1728 1603 1767 in

175 1779 246 1818 the
264 1778 367 1820 Mor.
387 1792 429 1831 p.
452 1781 537 1822 379
555 1791 616 1831 sq.
665 1779 880 1832 „Kalpaki
904 1780 1236 1837 (Orchomenus)
1265 1782 1310 1824 to
1324 1783 1488 1829 „Phania
1510 1787 1538 1831 5
1559 1785 1602 1825 h.

175 1841 232 1881 32
251 1851 305 1876 m.
359 1837 426 1875 On
457 1851 480 1874 a
506 1836 641 1889 rough
663 1836 740 1877 hill
763 1837 834 1877 the
863 1839 979 1879 ruins
1013 1841 1056 1879 ot
1088 1840 1289 1893 Pheneos3
1329 1843 1434 1883 after
1460 1843 1604 1892 which

176 1894 327 1935 ascend
356 1901 399 1933 to
426 1893 498 1933 the
526 1899 644 1934 town
675 1896 723 1934 of
738 1895 907 1936 Phonia.
952 1897 1111 1938 Phonia
1141 1905 1186 1939 to
1209 1901 1390 1953 Lykuria
1424 1900 1500 1956 (de
1523 1916 1605 1956 qua

179 1968 267 2007 cap.
286 1955 354 2004 19,
379 1950 435 2005 3.)
458 1958 485 1996 2
503 1951 545 1991 h.
566 1956 623 1996 29
642 1967 696 1992 m.
725 1954 907 2007 Lykuria
926 1961 970 1995 to
988 1957 1126 1997 Darah
1146 1972 1194 1997 or
1211 1959 1316 1998 Tara
1336 1963 1364 2002 2
1382 1959 1424 1999 h.
1443 1960 1500 2004 45
1519 1962 1606 1999 m.“

177 2012 288 2051 Idem
308 2010 465 2060 inltin.
490 2011 537 2049 of
554 2011 624 2050 the
641 2011 743 2051 Mor.
764 2026 805 2065 p.
821 2014 916 2056 151.
943 2015 1039 2058 153.
1061 2019 1157 2060 129.
1190 2016 1249 2055 Cf.
1269 2022 1309 2055 et
1328 2017 1378 2056 de
1400 2016 1484 2058 situ
1495 2017 1606 2060 Phe÷

166 2070 246 2109 ,nei
269 2065 364 2123 cap(
381 2070 455 2119 15,
478 2073 517 2112 2.
561 2068 747 2110 Catullus
766 2070 951 2122 LXVIII,
979 2076 1074 2116 109.
1108 2073 1210 2113 dicit
1231 2074 1439 2114 Pheneum
1469 2076 1607 2129 Cylla-

179 2142 311 2167 neum.
358 2127 481 2180 Apud
503 2127 743 2167 Strabonem
762 2128 876 2180 VIII,
899 2133 997 2174 389.
1036 2127 1336 2187 Ἐρατοσθένης
1358 2133 1494 2187 (puel,-
1510 2133 1606 2190 περὶ

184 2182 336 2227 Φενεὸν
364 2183 439 2238 μὲν
469 2181 539 2226 τὸν
566 2181 706 2227 Ἀνίαν
728 2182 985 2240 καλούμενον
1010 2187 1193 2244 ποταμὸν
1219 2186 1604 2248 λιμνάζειντοὶπρό
1636 2235 1638 2237 ,

178 2246 252 2297 τῆς
275 2239 453 2294 πόλεως,
482 2240 764 2286 καταδύεσθαι
787 2239 831 2285 δ’
850 2245 909 2293 εἰς
937 2245 1121 2302 ζέρεθρα.
1151 2248 1438 2300 Palme1·iusin
1457 2250 1605 2290 Exere.

179 2316 220 2356 p.
232 2304 329 2346 418.
348 2299 426 2339 ait:
458 2301 739 2351 „Domenicus
756 2302 879 2354 Niger
898 2303 1066 2344 videtur
1085 2305 1199 2345 hunc
1218 2306 1395 2363 fluvium
1417 2309 1606 2349 Nimiam

180 2372 330 2400 vocare
354 2356 405 2398 ei(
428 2358 713 2410 Eratosthene,
745 2366 792 2399 ut
812 2360 867 2400 ait
875 2374 887 2411 ;
928 2363 1041 2401 unde
1061 2364 1283 2418 acceperit,
1314 2365 1493 2410 neseio,“
1518 2367 1605 2407 Ac-

181 2422 344 2470 ceperat
368 2429 419 2455 ex
439 2416 520 2455 hoc
533 2418 741 2457 Strabonis
761 2418 879 2469 loco;
910 2421 981 2460 sed
1003 2422 1191 2474 equidem
1213 2422 1287 2462 vix
1306 2422 1471 2475 dubito,
1503 2424 1605 2477 quin

177 2471 319 2519 ’Λνίαν
341 2481 479 2513 ortum
499 2474 553 2514 sit
574 2489 627 2514 ex
651 2471 887 2531 Ἀροάνιον,
924 2479 1036 2531 quod
1057 2479 1165 2519 idem
1184 2480 1406 2522 Palmerius
1425 2482 1507 2521 iam
1529 2495 1605 2521 su-

181 2533 362 2587 spicatus
385 2538 457 2571 est.
486 2546 526 2571 v.
549 2533 648 2572 ibid.
671 2548 711 2586 p.
729 2536 825 2577 314.
867 2534 1018 2576 Milller
1039 2537 1084 2576 in
1107 2538 1202 2577 Dor.
1226 2537 1284 2590 11,
1316 2541 1415 2589 440.
1449 2539 1604 2578 distin-

182 2591 361 2643 guendos
382 2596 501 2642 putat
516 2596 599 2630 tres
618 2591 768 2631 fluvios
785 2591 908 2631 huius
926 2595 1125 2646 nominis,
1154 2595 1267 2635 hunc
1288 2602 1328 2636 et
1349 2597 1517 2638 Olbium
1535 2597 1603 2637 di-

184 2655 313 2698 ctum,
345 2648 570 2687 secundum
591 2649 662 2702 qui
682 2664 769 2703 cap.
783 2652 851 2700 21,
881 2654 900 2693 1
914 2680 925 2701 ‚
956 2653 1122 2692 tertium
1145 2654 1215 2707 qui
1233 2658 1403 2707 cap.24,
1422 2659 1462 2699 2.
1485 2670 1602 2696 com—

183 2711 443 2745 memoratur.
472 2701 654 2759 Ἀθηνᾶς
674 2708 907 2762 Τριτωνίας.
949 2709 997 2749 Ο.
1020 2711 1193 2751 Mueller
1213 2711 1260 2750 in
1282 2712 1431 2752 Gesch.
1452 2712 1611 2754 bellem·

184 2763 383 2802 Staemme
414 2763 497 2803 vol.
519 2763 548 2801 I.
569 2778 610 2817 p.
632 2767 729 2810 355.
751 2764 875 2817 dicit,
906 2767 1134 2808 Minervam
1149 2768 1257 2808 hanc
1275 2785 1299 2809 a
1320 2770 1531 2811 Pheneatis
1554 2778 1602 2811 ut

182 2820 306 2860 maris
327 2820 443 2860 deam
466 2821 620 2861 cultam
643 2837 742 2876 esse,
790 2823 903 2877 quod
926 2839 979 2865 an
1002 2826 1084 2867 dici
1101 2827 1236 2882 possit
1257 2828 1304 2869 in
1323 2828 1507 2870 homines
1515 2860 1527 2881 ,
1558 2831 1603 2872 οἳ
