1676 3172
418 219 500 269 Au
535 218 652 261 ΜΒ.
690 218 799 260 vm.
858 217 990 261 cAP.
1020 216 1232 261 xxxvn.
1326 250 1331 253 κ
1459 222 1544 264 317

36 345 39 354 '
111 335 156 388 ὂς
185 331 288 387 τούς
310 332 630 385 πολλοόςέστιν
656 331 765 389 αὕτη
800 333 1034 389 Δέσποινα,
1070 329 1267 391 καθάπερ
1288 334 1355 368 ’·-
1376 330 1477 393 Ἷδῖᾳ
1502 332 1549 377 τέ

111 392 371 448 ἐστιν’ὄνομα
389 391 637 451 Περσεφόνῃ
658 401 754 434 ante
773 394 939 434 Faciam
950 426 962 447 ,
993 395 1064 449 qui
1083 401 1304 448 praeeunte
1322 394 1547 448 Sylburgio

108 449 364 509 ’Περσεφόνη
394 453 519 492 tacite
541 453 747 504 correxit,
780 459 821 492 et
846 454 988 494 eodem
1007 453 1258 507 Kuhnioque
1281 453 1456 492 ducibus
1478 453 1548 492 in·-

76 546 83 549 .
110 510 415 566 tei-punctionis
434 511 586 551 vitium
606 511 784 551 sustulit.
821 511 1015 552 Monente
1033 512 1142 551 enim
1162 512 1383 566 Sylburgio
1405 524 1548 550 sensu·

111 575 176 610 est
196 599 223 621 ,‚
231 569 470 612 Δέσποιναν
491 583 576 610 esse
595 565 779 623 Neptuni
807 576 848 609 et
867 571 1024 610 Cereris
1042 571 1193 621 filiam,
1224 576 1350 623 atque
1368 570 1449 609 isto
1473 573 1549 610 Δε-

112 629 288 682 σποίνης
319 635 590 680 cognomento
608 627 719 667 hanc
742 629 925 683 Neptuni
947 633 987 668 et
1006 629 1163 669 Cereris
1185 628 1316 668 filiam
1336 628 1396 668 ita
1421 628 1549 680 vngo

98 685 339 739 designari,
359 686 469 726 sicut
489 688 658 726 alteram
676 701 698 726 e
714 686 812 727 Iove
831 701 880 726 ac
903 687 1047 727 Cerere
1066 694 1208 727 natam
1227 683 1371 742 ,Κόρην
1392 699 1523 738 cogno

57 776 60 780 .
94 744 269 784 minare
289 745 445 796 solent,
479 759 605 798 quum
635 744 737 784 haec
754 745 951 799 peculiari
971 746 1140 786 nomine
1162 741 1415 800 Περσεφόνη
1434 758 1549 785 nun-

113 810 308 856 cupetur,
336 803 448 842 illius
465 816 564 843 vero
589 817 739 843 nomen
770 805 881 858 apud
906 806 1104 859 profanos
1127 804 1350 844 enunciare
1377 818 1465 843 non
1491 802 1550 841 li-

114 862 253 902 ceat.“
293 862 428 911 Quam
449 861 596 901 deinde
610 861 803 902 Kuhnius
821 870 1094 917 proposuerat
1114 863 1442 902 emendationem
1463 860 1551 902 e’wl·

111 922 255 973 κὶησις
285 919 329 969 ές
355 917 455 970 τούς
482 917 662 970 πολλούς
682 921 793 963 ἐστιν
811 918 919 979 αὐτῇ
941 922 1173 971 Δέσποινα,
1206 935 1295 962 eam
1316 935 1403 960 non
1424 919 1550 959 dubi-

110 977 199 1017 tavi
216 978 421 1031 recipere,
454 993 583 1031 quum
607 979 875 1019 confirmetur
894 981 988 1020 loco
1008 995 1098 1034 cap.
1117 983 1200 1032 42,
1222 983 1273 1030 2,
1302 979 1379 1019 ubi
1397 978 1550 1031 Phiga-

110 1035 244 1075 lenses
275 1036 478 1079 dicuntur
505 1051 696 1089 narrare,
729 1052 751 1077 e
772 1039 916 1079 Cerere
936 1045 978 1078 et
996 1039 1192 1093 Neptuno
1207 1044 1348 1077 natam
1368 1051 1452 1076 esse
1470 1033 1551 1090 τήν

109 1093 348 1136 Δέσποιναν
369 1094 732 1150 ἐπονομαζομένην
760 1095 847 1139 dno*
876 1093 1099 1152 Ἀρκάδων.
1138 1096 1322 1136 Eandem
1353 1095 1549 1134 emenda-

109 1152 266 1192 tionem
296 1151 514 1192 Schaefero
549 1155 767 1208 probatam
801 1154 868 1209 (v.
905 1156 958 1195 ad
985 1155 1125 1196 Lamb.
1143 1155 1237 1196 Bos.
1261 1154 1312 1193 de
1332 1154 1477 1208 Ellips.
1505 1168 1548 1207 p.

113 1208 238 1264 116.)
268 1210 315 1251 in
346 1218 587 1251 contextum
608 1213 774 1253 admisit
795 1214 968 1255 Clavier.
1019 1215 1102 1254 Pro
1123 1214 1291 1266 vulgato
1316 1213 1403 1270 ἰδίᾳ
1424 1211 1468 1253 τέ
1488 1218 1551 1251 est

113 1265 183 1310 οἷά
206 1283 250 1310 τε
269 1269 315 1308 in
335 1269 465 1323 Mosq.
495 1270 540 1309 in
572 1271 692 1310 codd.
716 1275 842 1316 1410.
868 1275 995 1317 1411.
1026 1271 1122 1323 ἰετέ,
1155 1272 1199 1311 in
1225 1274 1351 1314 1399.
1385 1270 1471 1312 ἰδία
1491 1268 1549 1311 δὲ.

113 1326 276 1367 Clavier
296 1341 319 1367 e
340 1328 583 1367 coniectura
605 1329 721 1368 dedit
743 1331 853 1372 ἰδίου
875 1346 938 1383 τε,
970 1332 1152 1384 Corayus
1180 1329 1328 1370 maluit
1358 1328 1469 1370 ἴδιον
1490 1327 1550 1370 δέ.

110 1386 246 1438 neque
268 1398 342 1438 ego
362 1401 406 1426 τε
428 1386 703 1437 defenderim3
733 1389 864 1427 multo
883 1389 1022 1428 minus
1040 1395 1177 1428 autem
1194 1388 1309 1427 Facii
1332 1387 1551 1426 coniectu-

107 1456 200 1483 ram
216 1437 249 1501 ᾗ
267 1443 356 1501 ἰδίᾳ
371 1458 415 1484 τε
436 1443 716 1497 probaverim,
745 1460 872 1499 quum
895 1443 1003 1505 αὐτῇ
1020 1461 1072 1486 ex
1090 1446 1433 1500 praecedentibus
1454 1445 1550 1484 ani-

109 1515 179 1541 mo
199 1501 470 1554 repetendum
492 1502 556 1542 sit.
590 1501 708 1544 καθοέ
727 1520 764 1544 κ.
783 1520 817 1545 τ.
837 1508 872 1546 λ.
910 1505 1082 1545 Homeri
1100 1505 1185 1544 loci
1206 1511 1304 1544 sunt
1323 1504 1470 1558 Odyss.
1492 1505 1549 1553 X,

111 1561 212 1603 491.
235 1562 335 1603 494.
356 1560 456 1602 509.
487 1562 573 1600 πᾶν
598 1563 689 1610 φῶς
706 1576 784 1614 pro
807 1560 1001 1617 Πάμφως
1023 1564 1151 1616 Mosq.
1171 1570 1222 1602 ut
1238 1564 1316 1613 35,
1337 1566 1377 1606 7.
1407 1565 1484 1615 τῆς
1504 1560 1552 1604 δὲ

105 1617 347 1670 Δεσποίνης
371 1615 418 1659 τὸ
440 1614 573 1670 ὄνομά
594 1617 731 1660 ἔδεισα
748 1620 797 1669 ἐς
815 1619 916 1670 τούς
937 1617 1222 1676 ἅτελεστέρους
1240 1617 1420 1676 γράφειν
1440 1621 1551 1659 Vul—

112 1681 216 1728 gata.
243 1673 289 1716 δὲ
310 1675 440 1729 Mosq.
464 1675 614 1716 omisit.
663 1677 883 1718 Amasaeus
901 1680 1002 1732 legit
1023 1679 1189 1722 ἔδεισεν.
1233 1679 1358 1718 Facio
1375 1679 1551 1719 videba-

110 1739 184 1773 tur
203 1740 413 1788 praestare
433 1733 614 1787 ἔδεισαν,
643 1740 692 1788 ut
714 1737 767 1776 ad
787 1739 1022 1777 Homerum
1050 1746 1089 1777 et
1105 1737 1350 1791 Pamplzum
1371 1739 1552 1778 referre-

112 1797 201 1842 tur,
233 1806 334 1845 quos
367 1790 479 1831 haud
509 1793 594 1832 scio
630 1808 684 1833 an
714 1793 852 1836 dicere
877 1794 1064 1837 initiatos
1085 1810 1349 1849 nequeamus.
1390 1796 1553 1850 placuit

113 1855 251 1890 tamen
281 1848 363 1890 hoc
389 1850 573 1904 Nibbyo,
604 1852 776 1893 sortasse
808 1861 848 1893 et
869 1855 960 1895 aliis
987 1869 1028 1896 v.
1052 1855 1363 1908 Antisymbolik
1386 1869 1428 1908 p.
1452 1858 1551 1898 168.

115 1907 327 1962 Orpheum
348 1922 508 1962 quoque
527 1910 748 1951 Pausanias
779 1912 884 1952 dicit
911 1913 1117 1953 creditum
1137 1927 1222 1952 esse
1241 1913 1458 1952 initiorum
1480 1913 1551 1952 in·-

111 1972 328 2007 ventorem
356 1967 448 2012 1X‚·
473 1970 551 2018 30,
586 1973 637 2019 3,
667 1970 740 2009 ubi
766 1971 883 2011 addit
913 1986 1017 2024 esse,
1049 1972 1122 2026 qui
1150 1971 1235 2011 hoc
1264 1972 1302 2011 ei
1333 1971 1552 2012 inventum

112 2025 356 2078 pestiferum
385 2025 512 2065 fuisse
537 2025 792 2080 perhibeant.
838 2031 996 2071 Nomen
1025 2044 1147 2081 vero,
1180 2030 1295 2083 quod
1321 2030 1368 2069 in
1398 2031 1550 2083 vulgus

113 2097 303 2123 emanare
319 2083 566 2136 noluerunt,
598 2099 684 2126 esse
702 2101 787 2127 non
805 2089 989 2142 potuisse
1000 2088 1257 2139 Δέσποιναν,
1284 2094 1400 2142 patet
1418 2091 1548 2142 e‘cap.

114 2141 196 2191 25.
219 2141 261 2185 5·
290 2144 369 2192 42,
396 2146 437 2186 2.
465 2142 516 2194 V,
550 2144 626 2194 15,
659 2149 702 2190 8.
730 2146 872 2200 itaque
907 2148 1023 2187 aliud
1054 2161 1206 2186 nomen
1235 2147 1364 2187 fuerit
1385 2160 1550 2187 necesse

114 2205 177 2238 est
207 2198 443 2254 Despoenae
468 2203 685 2255 proprium
709 2203 757 2242 in
781 2206 1007 2257 mysteriis,
1038 2219 1171 2258 neque
1199 2219 1252 2243 ex
1280 2204 1371 2243 istis
1395 2205 1549 2253 finibus

115 2257 315 2298 excedere
333 2257 490 2298 volens.
519 2259 631 2299 Idem
653 2262 849 2315 cogitavit
870 2264 1029 2303 Clavier
1044 2264 1339 2317 interpretans:
1377 2293 1404 2313 „
1419 2269 1550 2317 quant

115 2329 171 2354 au
190 2314 283 2354 vrai
302 2329 400 2355 nom
418 2316 470 2356 de
492 2317 725 2371 Despoene,
751 2321 792 2375 je
812 2323 925 2360 n'ose
945 2337 1018 2376 pas
1038 2322 1078 2361 le
1102 2321 1319 2374 divulguer
1342 2335 1425 2360 aux
1442 2336 1549 2376 pro-

115 2374 283 2413 fanes.“
329 2374 521 2428 Inprimis
550 2383 684 2416 autem
706 2379 840 2419 nostri
871 2380 956 2419 loci
985 2380 1110 2419 verba
1133 2379 1345 2432 ἐπίκλησις
1376 2379 1417 2429 ές
1449 2378 1550 2430 τούς

114 2426 299 2502 πολλοξῖςγ
326 2431 437 2473 ἐστιν
463 2429 571 2491 αὐτῇ
595 2424 808 2478 Δέσποινα
839 2437 886 2477 id
908 2439 1164 2478 confirmant.
1195 2437 1308 2491 quod
1333 2444 1474 2477 contra
1505 2439 1550 2488 ἐς

115 2487 215 2539 τούς
233 2490 515 2546 ατελεστέρους
532 2492 580 2531 id
604 2500 666 2533 est
691 2494 734 2543 ές
752 2492 852 2545 τούς
876 2494 1055 2545 πολλοὺς
1075 2491 1256 2551 γράφειν
1277 2499 1351 2549 τῆς
1372 2497 1550 2538 Δεσποί-

116 2562 195 2600 νης
223 2544 272 2589 τό
304 2544 439 2602 ὄνομα
470 2549 598 2592 ἔδεισε
628 2552 871 2604 Pausanias,
904 2556 1101 2594 usitatum
1124 2554 1233 2593 inud
1257 2554 1304 2592 in
1323 2554 1548 2607 mysteriis,

111 2605 199 2643 sed
214 2620 292 2658 pro
306 2602 587 2662 ἅτελεστέρους
597 2609 764 2651 videtur
785 2607 1017 2662 ἀτελέστους
1030 2611 1293 2652 scribendum
1310 2626 1410 2663 esse,
1433 2613 1548 2666 quod

117 2668 180 2701 est
207 2677 296 2717 cap.
317 2666 397 2715 25,
419 2666 470 2716 5,
502 2672 544 2705 et
566 2681 613 2706 eo
641 2669 790 2721 magis,
821 2671 932 2722 quod
957 2671 1002 2710 in
1028 2670 1158 2723 Mosq.
1191 2676 1252 2710 est
1279 2665 1544 2720 οἷπελάστους.

116 2720 273 2760 Eodem
305 2722 429 2762 modo
459 2725 686 2778 corrigebat
704 2729 922 2770 Porsonus.
962 2730 1200 2768 Formulam
1227 2727 1268 2777 ές
1295 2727 1392 2778 τούς
1413 2725 1545 2771 οἷτελέ-

115 2791 239 2829 σῑθνς
259 2775 311 2823 ⁰²3
329 2779 480 2836 λέγειν,
503 2777 556 2826 οὗ
573 2781 749 2841 γράφειν
765 2787 991 2830 illustravit
1001 2786 1332 2829 Hemsterhusius
1354 2786 1407 2827 ad
1419 2787 1541 2830 Arist.
