<?xml version="1.0" encoding="UTF-8"?>
<!DOCTYPE html PUBLIC "-//W3C//DTD XHTML 1.0 Transitional//EN"
    "http://www.w3.org/TR/xhtml1/DTD/xhtml1-transitional.dtd">
<html xmlns="http://www.w3.org/1999/xhtml" xml:lang="en" lang="en">
 <head>
  <title>
</title>
<meta http-equiv="Content-Type" content="text/html;charset=utf-8" />
  <meta name='ocr-system' content='tesseract 3.04.00' />
  <meta name='ocr-capabilities' content='ocr_page ocr_carea ocr_par ocr_line ocrx_word'/>
</head>
<body>
  <div class='ocr_page' id='page_1' title='image "./pausaniaegraecia03pausuoft_0801.png"; bbox 0 0 1676 3172; ppageno 0'>
   <div class='ocr_carea' id='block_1_1' title="bbox 435 248 1537 297">
    <p class='ocr_par' dir='ltr' id='par_1_1' title="bbox 435 248 1537 297">
     <span class='ocr_line' id='line_1_1' title="bbox 435 248 1537 297; baseline -0.001 -6"><span class='ocrx_word' id='word_1_1' title='bbox 435 250 534 291; x_wconf 79' lang='lat' dir='ltr'><strong>AD</strong></span> <span class='ocrx_word' id='word_1_2' title='bbox 550 251 664 291; x_wconf 89' lang='lat' dir='ltr'>LIB.</span> <span class='ocrx_word' id='word_1_3' title='bbox 702 249 807 292; x_wconf 85' lang='lat' dir='ltr'>VIII.</span> <span class='ocrx_word' id='word_1_4' title='bbox 867 249 997 291; x_wconf 76' lang='lat' dir='ltr'><strong>cAP.</strong></span> <span class='ocrx_word' id='word_1_5' title='bbox 1035 248 1209 291; x_wconf 85' lang='lat' dir='ltr'>XXXII.</span> <span class='ocrx_word' id='word_1_6' title='bbox 1450 253 1537 297; x_wconf 80' lang='lat'><strong>301</strong></span> 
     </span>
    </p>
   </div>
   <div class='ocr_carea' id='block_1_2' title="bbox 76 342 1553 1877">
    <p class='ocr_par' dir='ltr' id='par_1_2' title="bbox 76 342 1553 1877">
     <span class='ocr_line' id='line_1_2' title="bbox 112 342 1542 421; baseline -0.001 -14"><span class='ocrx_word' id='word_1_7' title='bbox 112 365 228 421; x_wconf 69' lang='lat' dir='ltr'><strong>quod</strong></span> <span class='ocrx_word' id='word_1_8' title='bbox 247 342 636 408; x_wconf 69' lang='lat' dir='ltr'><strong>commemoraretur</strong></span> <span class='ocrx_word' id='word_1_9' title='bbox 654 372 818 421; x_wconf 82' lang='lat' dir='ltr'><strong>praeter</strong></span> <span class='ocrx_word' id='word_1_10' title='bbox 838 364 1035 421; x_wconf 76' lang='grc' dir='ltr'>θεμέλια,</span> <span class='ocrx_word' id='word_1_11' title='bbox 1052 363 1362 420; x_wconf 78' lang='lat' dir='ltr'><strong>fundamenta,</strong></span> <span class='ocrx_word' id='word_1_12' title='bbox 1391 371 1435 406; x_wconf 90' lang='lat' dir='ltr'><strong>et</strong></span> <span class='ocrx_word' id='word_1_13' title='bbox 1455 365 1542 406; x_wconf 88' lang='lat' dir='ltr'><strong>duo</strong></span> 
     </span>
     <span class='ocr_line' id='line_1_3' title="bbox 108 424 1542 478; baseline -0.001 -12.999"><span class='ocrx_word' id='word_1_14' title='bbox 108 425 160 465; x_wconf 79' lang='lat' dir='ltr'><strong>in</strong></span> <span class='ocrx_word' id='word_1_15' title='bbox 174 425 264 465; x_wconf 72' lang='lat' dir='ltr'><strong>illis</strong></span> <span class='ocrx_word' id='word_1_16' title='bbox 281 424 524 476; x_wconf 68' lang='lat' dir='ltr'><strong>simulacra,</strong></span> <span class='ocrx_word' id='word_1_17' title='bbox 549 425 675 464; x_wconf 90' lang='lat' dir='ltr'><strong>unius</strong></span> <span class='ocrx_word' id='word_1_18' title='bbox 695 425 836 464; x_wconf 81' lang='lat' dir='ltr'><strong>Musae</strong></span> <span class='ocrx_word' id='word_1_19' title='bbox 856 431 898 464; x_wconf 87' lang='lat' dir='ltr'><strong>et</strong></span> <span class='ocrx_word' id='word_1_20' title='bbox 917 424 1143 478; x_wconf 78' lang='lat' dir='ltr'><strong>Apollinis,</strong></span> <span class='ocrx_word' id='word_1_21' title='bbox 1172 425 1381 478; x_wconf 88' lang='lat' dir='ltr'><strong>reliquum</strong></span> <span class='ocrx_word' id='word_1_22' title='bbox 1404 424 1542 465; x_wconf 76' lang='lat' dir='ltr'><strong>fuisse.</strong></span> 
     </span>
     <span class='ocr_line' id='line_1_4' title="bbox 111 479 1542 540; baseline -0.001 -17"><span class='ocrx_word' id='word_1_23' title='bbox 111 479 309 537; x_wconf 66' lang='lat' dir='ltr'><strong>Namque</strong></span> <span class='ocrx_word' id='word_1_24' title='bbox 322 482 578 540; x_wconf 79' lang='grc' dir='ltr'><strong><em>παρέχεσθαί</em></strong></span> <span class='ocrx_word' id='word_1_25' title='bbox 606 498 647 524; x_wconf 82' lang='grc' dir='ltr'><strong>τι</strong></span> <span class='ocrx_word' id='word_1_26' title='bbox 676 482 718 532; x_wconf 79' lang='grc' dir='ltr'><strong>ἐς</strong></span> <span class='ocrx_word' id='word_1_27' title='bbox 742 479 934 537; x_wconf 77' lang='grc' dir='ltr'><strong><em>μνήμην,</em></strong></span> <span class='ocrx_word' id='word_1_28' title='bbox 960 483 1016 521; x_wconf 81' lang='lat' dir='ltr'><strong>de</strong></span> <span class='ocrx_word' id='word_1_29' title='bbox 1050 496 1129 534; x_wconf 86' lang='lat' dir='ltr'><strong>qua</strong></span> <span class='ocrx_word' id='word_1_30' title='bbox 1160 483 1339 523; x_wconf 86' lang='lat' dir='ltr'><strong>formula</strong></span> <span class='ocrx_word' id='word_1_31' title='bbox 1362 484 1415 522; x_wconf 83' lang='lat' dir='ltr'><strong>cf.</strong></span> <span class='ocrx_word' id='word_1_32' title='bbox 1434 483 1487 521; x_wconf 86' lang='lat' dir='ltr'><strong>ad</strong></span> <span class='ocrx_word' id='word_1_33' title='bbox 1507 481 1542 535; x_wconf 86' lang='lat'><strong>1,</strong></span> 
     </span>
     <span class='ocr_line' id='line_1_5' title="bbox 113 539 1544 593; baseline -0.005 -6"><span class='ocrx_word' id='word_1_34' title='bbox 113 541 472 592; x_wconf 74' lang='lat' dir='ltr'><strong>81‚1.adn.est</strong></span> <span class='ocrx_word' id='word_1_35' title='bbox 491 542 614 581; x_wconf 86' lang='lat' dir='ltr'><strong>etiam</strong></span> <span class='ocrx_word' id='word_1_36' title='bbox 631 541 799 592; x_wconf 81' lang='lat' dir='ltr'><strong>habere,</strong></span> <span class='ocrx_word' id='word_1_37' title='bbox 831 539 1038 579; x_wconf 67' lang='lat' dir='ltr'><strong>ostendere</strong></span> <span class='ocrx_word' id='word_1_38' title='bbox 1057 539 1175 593; x_wconf 80' lang='lat' dir='ltr'><strong>quod</strong></span> <span class='ocrx_word' id='word_1_39' title='bbox 1196 548 1544 591; x_wconf 83' lang='lat' dir='ltr'><strong><em>commemoretur,</em></strong></span> 
     </span>
     <span class='ocr_line' id='line_1_6' title="bbox 104 597 1543 655; baseline -0.002 -14"><span class='ocrx_word' id='word_1_40' title='bbox 104 612 204 650; x_wconf 50' lang='lat' dir='ltr'><strong>¹non</strong></span> <span class='ocrx_word' id='word_1_41' title='bbox 216 613 395 655; x_wconf 74' lang='lat' dir='ltr'><strong>semper,</strong></span> <span class='ocrx_word' id='word_1_42' title='bbox 419 599 536 654; x_wconf 83' lang='lat' dir='ltr'><strong>quod</strong></span> <span class='ocrx_word' id='word_1_43' title='bbox 552 601 752 638; x_wconf 83' lang='lat' dir='ltr'><strong>memoria</strong></span> <span class='ocrx_word' id='word_1_44' title='bbox 767 614 838 638; x_wconf 75' lang='lat' dir='ltr'><strong>seu</strong></span> <span class='ocrx_word' id='word_1_45' title='bbox 849 602 1078 638; x_wconf 67' lang='lat' dir='ltr'><strong>memoratu</strong></span> <span class='ocrx_word' id='word_1_46' title='bbox 1094 597 1276 652; x_wconf 77' lang='lat' dir='ltr'><strong>dignum</strong></span> <span class='ocrx_word' id='word_1_47' title='bbox 1293 607 1375 650; x_wconf 58' lang='grc' dir='ltr'>τοι,</span> <span class='ocrx_word' id='word_1_48' title='bbox 1407 613 1543 652; x_wconf 84' lang='lat' dir='ltr'><strong>quan-</strong></span> 
     </span>
     <span class='ocr_line' id='line_1_7' title="bbox 117 653 1544 711; baseline -0.002 -12"><span class='ocrx_word' id='word_1_49' title='bbox 117 670 240 711; x_wconf 73' lang='lat' dir='ltr'><strong>quam</strong></span> <span class='ocrx_word' id='word_1_50' title='bbox 262 658 422 703; x_wconf 79' lang='lat' dir='ltr'><strong>homini</strong></span> <span class='ocrx_word' id='word_1_51' title='bbox 446 658 738 711; x_wconf 89' lang='lat' dir='ltr'><strong>antiquitatum</strong></span> <span class='ocrx_word' id='word_1_52' title='bbox 764 653 948 697; x_wconf 86' lang='lat' dir='ltr'><strong>studioso</strong></span> <span class='ocrx_word' id='word_1_53' title='bbox 973 657 1097 696; x_wconf 81' lang='lat' dir='ltr'><strong>etiam</strong></span> <span class='ocrx_word' id='word_1_54' title='bbox 1124 657 1272 696; x_wconf 85' lang='lat' dir='ltr'><strong>ruinae</strong></span> <span class='ocrx_word' id='word_1_55' title='bbox 1293 671 1434 697; x_wconf 85' lang='lat' dir='ltr'><strong>earum</strong></span> <span class='ocrx_word' id='word_1_56' title='bbox 1454 670 1544 696; x_wconf 88' lang='lat' dir='ltr'><strong>me-</strong></span> 
     </span>
     <span class='ocr_line' id='line_1_8' title="bbox 115 715 1544 769; baseline -0.002 -11"><span class='ocrx_word' id='word_1_57' title='bbox 115 716 334 763; x_wconf 71' lang='lat' dir='ltr'><strong>»notabiles</strong></span> <span class='ocrx_word' id='word_1_58' title='bbox 349 717 548 757; x_wconf 79' lang='lat' dir='ltr'><strong>videntur</strong></span> <span class='ocrx_word' id='word_1_59' title='bbox 565 729 660 755; x_wconf 87' lang='lat' dir='ltr'><strong>esse.</strong></span> <span class='ocrx_word' id='word_1_60' title='bbox 699 715 842 769; x_wconf 80' lang='lat' dir='ltr'><strong>Itaque</strong></span> <span class='ocrx_word' id='word_1_61' title='bbox 860 715 1075 755; x_wconf 87' lang='lat' dir='ltr'><strong>Kuhnium</strong></span> <span class='ocrx_word' id='word_1_62' title='bbox 1091 715 1269 769; x_wconf 84' lang='lat' dir='ltr'><strong>probare</strong></span> <span class='ocrx_word' id='word_1_63' title='bbox 1287 730 1374 755; x_wconf 87' lang='lat' dir='ltr'><strong>non</strong></span> <span class='ocrx_word' id='word_1_64' title='bbox 1393 729 1544 769; x_wconf 81' lang='lat' dir='ltr'><strong>possu-</strong></span> 
     </span>
     <span class='ocr_line' id='line_1_9' title="bbox 107 772 1546 843; baseline -0.001 -27"><span class='ocrx_word' id='word_1_65' title='bbox 107 787 209 816; x_wconf 69' lang='lat' dir='ltr'><strong>vmus</strong></span> <span class='ocrx_word' id='word_1_66' title='bbox 227 781 465 843; x_wconf 80' lang='lat' dir='ltr'><strong>putantem,</strong></span> <span class='ocrx_word' id='word_1_67' title='bbox 500 773 674 842; x_wconf 77' lang='grc' dir='ltr'>θεμέλια</span> <span class='ocrx_word' id='word_1_68' title='bbox 693 772 774 812; x_wconf 87' lang='lat' dir='ltr'><strong>hoc</strong></span> <span class='ocrx_word' id='word_1_69' title='bbox 792 774 887 812; x_wconf 85' lang='lat' dir='ltr'><strong>loco</strong></span> <span class='ocrx_word' id='word_1_70' title='bbox 913 788 1000 813; x_wconf 85' lang='lat' dir='ltr'><strong>non</strong></span> <span class='ocrx_word' id='word_1_71' title='bbox 1018 773 1248 825; x_wconf 74' lang='lat' dir='ltr'><strong>sxgmficare</strong></span> <span class='ocrx_word' id='word_1_72' title='bbox 1254 773 1546 826; x_wconf 79' lang='lat' dir='ltr'><strong>fundamenta</strong></span> 
     </span>
     <span class='ocr_line' id='line_1_10' title="bbox 117 828 1548 887; baseline 0.001 -16"><span class='ocrx_word' id='word_1_73' title='bbox 117 834 281 887; x_wconf 71' lang='lat' dir='ltr'><strong>templi,</strong></span> <span class='ocrx_word' id='word_1_74' title='bbox 302 834 375 873; x_wconf 83' lang='lat' dir='ltr'><strong>sed</strong></span> <span class='ocrx_word' id='word_1_75' title='bbox 392 829 546 887; x_wconf 75' lang='grc' dir='ltr'>βάσεις,</span> <span class='ocrx_word' id='word_1_76' title='bbox 569 828 732 886; x_wconf 84' lang='grc' dir='ltr'><strong><em>βαθρα,</em></strong></span> <span class='ocrx_word' id='word_1_77' title='bbox 755 832 900 884; x_wconf 85' lang='lat' dir='ltr'><strong>quibus</strong></span> <span class='ocrx_word' id='word_1_78' title='bbox 918 832 1161 871; x_wconf 82' lang='lat' dir='ltr'><strong>insistebant</strong></span> <span class='ocrx_word' id='word_1_79' title='bbox 1178 832 1410 872; x_wconf 84' lang='lat' dir='ltr'><strong>simulacra.</strong></span> <span class='ocrx_word' id='word_1_80' title='bbox 1438 834 1548 872; x_wconf 86' lang='lat' dir='ltr'><strong>Loe-</strong></span> 
     </span>
     <span class='ocr_line' id='line_1_11' title="bbox 116 890 1544 943; baseline -0.001 -12"><span class='ocrx_word' id='word_1_81' title='bbox 116 890 238 931; x_wconf 76' lang='lat' dir='ltr'><strong>soher</strong></span> <span class='ocrx_word' id='word_1_82' title='bbox 254 891 455 932; x_wconf 77' lang='lat' dir='ltr'><strong>reddidit:</strong></span> <span class='ocrx_word' id='word_1_83' title='bbox 473 890 763 943; x_wconf 82' lang='lat' dir='ltr'><strong>fundamenta</strong></span> <span class='ocrx_word' id='word_1_84' title='bbox 790 890 948 928; x_wconf 75' lang='lat' dir='ltr'><strong>exhibet</strong></span> <span class='ocrx_word' id='word_1_85' title='bbox 966 890 1255 930; x_wconf 79' lang='lat' dir='ltr'><em>memorabilia</em></span> <span class='ocrx_word' id='word_1_86' title='bbox 1282 906 1365 930; x_wconf 84' lang='lat' dir='ltr'><strong>non</strong></span> <span class='ocrx_word' id='word_1_87' title='bbox 1392 893 1544 943; x_wconf 81' lang='lat' dir='ltr'><strong>multa,</strong></span> 
     </span>
     <span class='ocr_line' id='line_1_12' title="bbox 110 943 1547 1005; baseline 0.001 -16"><span class='ocrx_word' id='word_1_88' title='bbox 110 943 161 989; x_wconf 46' lang='lat' dir='ltr'><strong>*et&#39;</strong></span> <span class='ocrx_word' id='word_1_89' title='bbox 179 943 318 1000; x_wconf 89' lang='lat' dir='ltr'><strong>addit,</strong></span> <span class='ocrx_word' id='word_1_90' title='bbox 348 949 520 990; x_wconf 87' lang='lat' dir='ltr'><strong>locum</strong></span> <span class='ocrx_word' id='word_1_91' title='bbox 507 963 552 988; x_wconf 86' lang='lat' dir='ltr'><strong>m</strong></span> <span class='ocrx_word' id='word_1_92' title='bbox 570 948 725 1001; x_wconf 65' lang='lat' dir='ltr'><strong>graecis</strong></span> <span class='ocrx_word' id='word_1_93' title='bbox 744 948 967 988; x_wconf 86' lang='lat' dir='ltr'><strong>obscurum</strong></span> <span class='ocrx_word' id='word_1_94' title='bbox 985 962 1092 999; x_wconf 81' lang='lat' dir='ltr'><strong>esse3</strong></span> <span class='ocrx_word' id='word_1_95' title='bbox 1123 949 1196 988; x_wconf 84' lang='lat' dir='ltr'><strong>sed</strong></span> <span class='ocrx_word' id='word_1_96' title='bbox 1216 944 1469 989; x_wconf 82' lang='lat' dir='ltr'><strong>obscurum</strong></span> <span class='ocrx_word' id='word_1_97' title='bbox 1456 964 1547 1005; x_wconf 78' lang='lat' dir='ltr'><strong>ipse</strong></span> 
     </span>
     <span class='ocr_line' id='line_1_13' title="bbox 118 1006 1548 1061; baseline 0.002 -15"><span class='ocrx_word' id='word_1_98' title='bbox 118 1007 221 1057; x_wconf 76' lang='lat' dir='ltr'><strong>feeit</strong></span> <span class='ocrx_word' id='word_1_99' title='bbox 238 1007 300 1048; x_wconf 85' lang='lat' dir='ltr'><strong>ita</strong></span> <span class='ocrx_word' id='word_1_100' title='bbox 315 1007 527 1047; x_wconf 80' lang='lat' dir='ltr'><strong>vertendo.</strong></span> <span class='ocrx_word' id='word_1_101' title='bbox 558 1007 642 1049; x_wconf 79' lang='grc' dir='ltr'>ἔστι</span> <span class='ocrx_word' id='word_1_102' title='bbox 663 1006 734 1048; x_wconf 81' lang='grc' dir='ltr'><strong><em>καὶ</em></strong></span> <span class='ocrx_word' id='word_1_103' title='bbox 757 1029 817 1037; x_wconf 91' lang='grc'><strong>--</strong></span> <span class='ocrx_word' id='word_1_104' title='bbox 837 1006 983 1061; x_wconf 82' lang='grc' dir='ltr'><strong><em>τέχνην</em></strong></span> <span class='ocrx_word' id='word_1_105' title='bbox 1000 1007 1187 1059; x_wconf 80' lang='lat' dir='ltr'><strong>Vulgata.</strong></span> <span class='ocrx_word' id='word_1_106' title='bbox 1217 1007 1455 1060; x_wconf 83' lang='lat' dir='ltr'><strong>Sylburgius</strong></span> <span class='ocrx_word' id='word_1_107' title='bbox 1474 1008 1548 1049; x_wconf 83' lang='lat' dir='ltr'><strong>vi-</strong></span> 
     </span>
     <span class='ocr_line' id='line_1_14' title="bbox 118 1052 1547 1120; baseline -0.001 -14"><span class='ocrx_word' id='word_1_108' title='bbox 118 1065 183 1106; x_wconf 84' lang='lat' dir='ltr'><strong>dit</strong></span> <span class='ocrx_word' id='word_1_109' title='bbox 199 1052 347 1120; x_wconf 79' lang='grc' dir='ltr'><strong><em>τέχνην</em></strong></span> <span class='ocrx_word' id='word_1_110' title='bbox 367 1066 554 1107; x_wconf 77' lang='lat' dir='ltr'><strong>absolute</strong></span> <span class='ocrx_word' id='word_1_111' title='bbox 575 1064 861 1119; x_wconf 88' lang='lat' dir='ltr'><strong>accipiendum</strong></span> <span class='ocrx_word' id='word_1_112' title='bbox 880 1079 965 1104; x_wconf 88' lang='lat' dir='ltr'><strong>esse</strong></span> <span class='ocrx_word' id='word_1_113' title='bbox 983 1063 1063 1104; x_wconf 84' lang='lat' dir='ltr'><strong>hac</strong></span> <span class='ocrx_word' id='word_1_114' title='bbox 1084 1071 1302 1120; x_wconf 81' lang='lat' dir='ltr'><strong>potestate:</strong></span> <span class='ocrx_word' id='word_1_115' title='bbox 1341 1065 1457 1119; x_wconf 84' lang='lat' dir='ltr'><strong>quod</strong></span> <span class='ocrx_word' id='word_1_116' title='bbox 1473 1074 1547 1106; x_wconf 79' lang='lat' dir='ltr'><strong>at-</strong></span> 
     </span>
     <span class='ocr_line' id='line_1_15' title="bbox 119 1123 1547 1178; baseline 0.001 -15"><span class='ocrx_word' id='word_1_117' title='bbox 119 1126 239 1163; x_wconf 75' lang='lat' dir='ltr'><strong>timt</strong></span> <span class='ocrx_word' id='word_1_118' title='bbox 250 1123 313 1163; x_wconf 79' lang='lat' dir='ltr'><strong>ad</strong></span> <span class='ocrx_word' id='word_1_119' title='bbox 337 1125 589 1178; x_wconf 48' lang='lat' dir='ltr'><strong>artificium,</strong></span> <span class='ocrx_word' id='word_1_120' title='bbox 631 1123 754 1162; x_wconf 88' lang='lat' dir='ltr'><strong>simul</strong></span> <span class='ocrx_word' id='word_1_121' title='bbox 785 1130 923 1163; x_wconf 89' lang='lat' dir='ltr'><strong>tamen</strong></span> <span class='ocrx_word' id='word_1_122' title='bbox 958 1124 1153 1177; x_wconf 86' lang='lat' dir='ltr'><strong>cogitavit</strong></span> <span class='ocrx_word' id='word_1_123' title='bbox 1183 1123 1236 1163; x_wconf 90' lang='lat' dir='ltr'><strong>de</strong></span> <span class='ocrx_word' id='word_1_124' title='bbox 1263 1125 1547 1165; x_wconf 79' lang='lat' dir='ltr'><strong>emendatione</strong></span> 
     </span>
     <span class='ocr_line' id='line_1_16' title="bbox 117 1181 1547 1242; baseline 0.001 -19"><span class='ocrx_word' id='word_1_125' title='bbox 117 1181 261 1242; x_wconf 74' lang='grc' dir='ltr'><strong><em>τέχνη,</em></strong></span> <span class='ocrx_word' id='word_1_126' title='bbox 287 1188 340 1222; x_wconf 72' lang='lat' dir='ltr'><strong>ut</strong></span> <span class='ocrx_word' id='word_1_127' title='bbox 361 1189 466 1223; x_wconf 79' lang='lat' dir='ltr'><strong>esset</strong></span> <span class='ocrx_word' id='word_1_128' title='bbox 495 1197 574 1236; x_wconf 88' lang='lat' dir='ltr'><strong>pro</strong></span> <span class='ocrx_word' id='word_1_129' title='bbox 600 1181 895 1234; x_wconf 80' lang='grc' dir='ltr'><strong><em>τεχνασθέντα,</em></strong></span> <span class='ocrx_word' id='word_1_130' title='bbox 925 1181 1181 1238; x_wconf 74' lang='grc' dir='ltr'><strong><em>εἰργασμένα.</em></strong></span> <span class='ocrx_word' id='word_1_131' title='bbox 1209 1195 1287 1222; x_wconf 90' lang='lat' dir='ltr'><strong>nec</strong></span> <span class='ocrx_word' id='word_1_132' title='bbox 1308 1182 1455 1223; x_wconf 85' lang='lat' dir='ltr'><strong>Facius</strong></span> <span class='ocrx_word' id='word_1_133' title='bbox 1475 1197 1547 1224; x_wconf 87' lang='lat' dir='ltr'><strong>re·-</strong></span> 
     </span>
     <span class='ocr_line' id='line_1_17' title="bbox 117 1239 1546 1306; baseline 0 -25"><span class='ocrx_word' id='word_1_134' title='bbox 117 1254 304 1296; x_wconf 76' lang='lat' dir='ltr'><strong>pugnare</strong></span> <span class='ocrx_word' id='word_1_135' title='bbox 321 1241 418 1281; x_wconf 75' lang='lat' dir='ltr'><strong>vult</strong></span> <span class='ocrx_word' id='word_1_136' title='bbox 432 1241 494 1279; x_wconf 86' lang='lat' dir='ltr'><strong>ita</strong></span> <span class='ocrx_word' id='word_1_137' title='bbox 508 1239 714 1279; x_wconf 87' lang='lat' dir='ltr'><strong>scribenti.</strong></span> <span class='ocrx_word' id='word_1_138' title='bbox 746 1239 802 1279; x_wconf 79' lang='lat' dir='ltr'><strong>At</strong></span> <span class='ocrx_word' id='word_1_139' title='bbox 819 1239 961 1306; x_wconf 78' lang='grc' dir='ltr'><strong><em>τέχνη,</em></strong></span> <span class='ocrx_word' id='word_1_140' title='bbox 990 1240 1063 1279; x_wconf 89' lang='lat' dir='ltr'><strong>ubi</strong></span> <span class='ocrx_word' id='word_1_141' title='bbox 1083 1239 1286 1292; x_wconf 86' lang='lat' dir='ltr'><strong>significat</strong></span> <span class='ocrx_word' id='word_1_142' title='bbox 1302 1243 1411 1280; x_wconf 72' lang='lat' dir='ltr'><strong>artis</strong></span> <span class='ocrx_word' id='word_1_143' title='bbox 1426 1256 1546 1296; x_wconf 82' lang='lat' dir='ltr'><strong>opus,</strong></span> 
     </span>
     <span class='ocr_line' id='line_1_18' title="bbox 96 1298 1549 1352; baseline 0.001 -13"><span class='ocrx_word' id='word_1_144' title='bbox 96 1337 103 1349; x_wconf 75' lang='grc'>,</span> <span class='ocrx_word' id='word_1_145' title='bbox 119 1312 210 1339; x_wconf 69' lang='lat' dir='ltr'><strong>nou</strong></span> <span class='ocrx_word' id='word_1_146' title='bbox 218 1299 419 1339; x_wconf 75' lang='lat' dir='ltr'><strong>solettam</strong></span> <span class='ocrx_word' id='word_1_147' title='bbox 438 1299 549 1338; x_wconf 88' lang='lat' dir='ltr'><strong>nude</strong></span> <span class='ocrx_word' id='word_1_148' title='bbox 566 1313 589 1336; x_wconf 89' lang='lat' dir='ltr'><strong>a</strong></span> <span class='ocrx_word' id='word_1_149' title='bbox 610 1298 811 1336; x_wconf 79' lang='lat' dir='ltr'><strong>Pausania</strong></span> <span class='ocrx_word' id='word_1_150' title='bbox 828 1299 930 1352; x_wconf 89' lang='lat' dir='ltr'><strong>poni</strong></span> <span class='ocrx_word' id='word_1_151' title='bbox 951 1299 1022 1338; x_wconf 85' lang='lat' dir='ltr'><strong>sed</strong></span> <span class='ocrx_word' id='word_1_152' title='bbox 1045 1298 1242 1351; x_wconf 87' lang='lat' dir='ltr'><strong>coniungi</strong></span> <span class='ocrx_word' id='word_1_153' title='bbox 1266 1313 1361 1338; x_wconf 92' lang='lat' dir='ltr'><strong>cum</strong></span> <span class='ocrx_word' id='word_1_154' title='bbox 1380 1300 1549 1340; x_wconf 88' lang='lat' dir='ltr'><strong>nomine</strong></span> 
     </span>
     <span class='ocr_line' id='line_1_19' title="bbox 104 1353 1550 1415; baseline 0.001 -17"><span class='ocrx_word' id='word_1_155' title='bbox 104 1356 306 1415; x_wconf 66' lang='lat' dir='ltr'><strong>&#39;.9pificia‚</strong></span> <span class='ocrx_word' id='word_1_156' title='bbox 333 1357 467 1398; x_wconf 80' lang='lat' dir='ltr'><strong>veluti</strong></span> <span class='ocrx_word' id='word_1_157' title='bbox 485 1355 762 1410; x_wconf 78' lang='grc' dir='ltr'><strong><em>Πραξιτέλους</em></strong></span> <span class='ocrx_word' id='word_1_158' title='bbox 778 1355 899 1409; x_wconf 81' lang='grc' dir='ltr'><strong><em>τέχνη</em></strong></span> <span class='ocrx_word' id='word_1_159' title='bbox 917 1353 962 1398; x_wconf 80' lang='grc' dir='ltr'><strong><em>τὸ</em></strong></span> <span class='ocrx_word' id='word_1_160' title='bbox 978 1355 1139 1410; x_wconf 75' lang='grc' dir='ltr'><strong><em>αγαλμα</em></strong></span> <span class='ocrx_word' id='word_1_161' title='bbox 1154 1357 1197 1408; x_wconf 89' lang='grc' dir='ltr'><strong>Ι,</strong></span> <span class='ocrx_word' id='word_1_162' title='bbox 1215 1361 1293 1408; x_wconf 82' lang='lat'><strong>23,</strong></span> <span class='ocrx_word' id='word_1_163' title='bbox 1314 1361 1355 1402; x_wconf 88' lang='lat'><strong>9-</strong></span> <span class='ocrx_word' id='word_1_164' title='bbox 1387 1355 1550 1413; x_wconf 78' lang='grc' dir='ltr'><strong><em>αγαλμα</em></strong></span> 
     </span>
     <span class='ocr_line' id='line_1_20' title="bbox 121 1411 1550 1469; baseline 0.002 -13"><span class='ocrx_word' id='word_1_165' title='bbox 121 1437 175 1447; x_wconf 86' lang='lat'><strong>-—-</strong></span> <span class='ocrx_word' id='word_1_166' title='bbox 198 1414 333 1469; x_wconf 86' lang='grc' dir='ltr'><strong><em>τέχνη”</em></strong></span> <span class='ocrx_word' id='word_1_167' title='bbox 344 1415 515 1456; x_wconf 80' lang='grc' dir='ltr'><strong><em>Φειδίου</em></strong></span> <span class='ocrx_word' id='word_1_168' title='bbox 544 1414 583 1464; x_wconf 88' lang='grc' dir='ltr'><strong>Ι,</strong></span> <span class='ocrx_word' id='word_1_169' title='bbox 611 1417 694 1465; x_wconf 72' lang='grc'><strong>28,</strong></span> <span class='ocrx_word' id='word_1_170' title='bbox 719 1417 760 1457; x_wconf 89' lang='grc'><strong>2.</strong></span> <span class='ocrx_word' id='word_1_171' title='bbox 802 1411 910 1463; x_wconf 83' lang='grc' dir='ltr'><em>Ζευς</em></span> <span class='ocrx_word' id='word_1_172' title='bbox 936 1417 1133 1468; x_wconf 75' lang='grc' dir='ltr'><strong>χαλκοῦς,</strong></span> <span class='ocrx_word' id='word_1_173' title='bbox 1171 1414 1292 1469; x_wconf 80' lang='grc' dir='ltr'><strong><em>τέχνη</em></strong></span> <span class='ocrx_word' id='word_1_174' title='bbox 1319 1417 1550 1459; x_wconf 82' lang='grc' dir='ltr'><strong><em>Λυσίππου</em></strong></span> 
     </span>
     <span class='ocr_line' id='line_1_21' title="bbox 118 1467 1551 1541; baseline 0.001 -28"><span class='ocrx_word' id='word_1_175' title='bbox 118 1472 181 1524; x_wconf 75' lang='lat'><strong>113</strong></span> <span class='ocrx_word' id='word_1_176' title='bbox 205 1475 255 1524; x_wconf 85' lang='lat'><strong>9,</strong></span> <span class='ocrx_word' id='word_1_177' title='bbox 279 1476 321 1516; x_wconf 83' lang='grc'><strong>6.</strong></span> <span class='ocrx_word' id='word_1_178' title='bbox 349 1472 470 1527; x_wconf 74' lang='grc' dir='ltr'><strong><em>τέχνη</em></strong></span> <span class='ocrx_word' id='word_1_179' title='bbox 502 1467 755 1523; x_wconf 78' lang='grc' dir='ltr'><strong><em>Ναυκύδους</em></strong></span> <span class='ocrx_word' id='word_1_180' title='bbox 784 1469 945 1525; x_wconf 82' lang='grc' dir='ltr'><strong><em>αγαλμα</em></strong></span> <span class='ocrx_word' id='word_1_181' title='bbox 953 1469 1099 1541; x_wconf 84' lang='grc' dir='ltr'><strong><em>Ἥβης</em></strong></span> <span class='ocrx_word' id='word_1_182' title='bbox 1109 1473 1168 1524; x_wconf 90' lang='lat' dir='ltr'>II,</span> <span class='ocrx_word' id='word_1_183' title='bbox 1197 1478 1272 1525; x_wconf 84' lang='lat'><strong>17,</strong></span> <span class='ocrx_word' id='word_1_184' title='bbox 1305 1475 1346 1518; x_wconf 84' lang='lat'><strong>5.</strong></span> <span class='ocrx_word' id='word_1_185' title='bbox 1396 1475 1551 1516; x_wconf 88' lang='lat' dir='ltr'><strong>Eadem</strong></span> 
     </span>
     <span class='ocr_line' id='line_1_22' title="bbox 119 1526 1550 1598; baseline 0.003 -28"><span class='ocrx_word' id='word_1_186' title='bbox 119 1532 228 1577; x_wconf 81' lang='lat' dir='ltr'><strong>ratio</strong></span> <span class='ocrx_word' id='word_1_187' title='bbox 260 1536 323 1570; x_wconf 84' lang='lat' dir='ltr'><strong>est</strong></span> <span class='ocrx_word' id='word_1_188' title='bbox 349 1531 536 1570; x_wconf 89' lang='lat' dir='ltr'><strong>locorum</strong></span> <span class='ocrx_word' id='word_1_189' title='bbox 562 1530 602 1580; x_wconf 90' lang='grc' dir='ltr'><strong>Ι,</strong></span> <span class='ocrx_word' id='word_1_190' title='bbox 624 1533 673 1579; x_wconf 89' lang='grc'><strong>8,</strong></span> <span class='ocrx_word' id='word_1_191' title='bbox 699 1531 739 1572; x_wconf 91' lang='grc'><strong>5.</strong></span> <span class='ocrx_word' id='word_1_192' title='bbox 768 1530 819 1579; x_wconf 97' lang='lat' dir='ltr'><strong>V,</strong></span> <span class='ocrx_word' id='word_1_193' title='bbox 842 1531 921 1580; x_wconf 81' lang='lat'><strong>25,</strong></span> <span class='ocrx_word' id='word_1_194' title='bbox 944 1534 985 1574; x_wconf 90' lang='grc'><strong>4,</strong></span> <span class='ocrx_word' id='word_1_195' title='bbox 1015 1526 1223 1598; x_wconf 77' lang='grc' dir='ltr'><strong><em>πρόςναος</em></strong></span> <span class='ocrx_word' id='word_1_196' title='bbox 1254 1540 1348 1572; x_wconf 90' lang='lat' dir='ltr'><strong>ante</strong></span> <span class='ocrx_word' id='word_1_197' title='bbox 1366 1533 1550 1584; x_wconf 80' lang='lat' dir='ltr'><strong>Facium,</strong></span> 
     </span>
     <span class='ocr_line' id='line_1_23' title="bbox 76 1585 1553 1643; baseline 0.002 -15"><span class='ocrx_word' id='word_1_198' title='bbox 76 1593 82 1603; x_wconf 66' lang='lat'>⁸</span> <span class='ocrx_word' id='word_1_199' title='bbox 122 1589 195 1643; x_wconf 83' lang='lat' dir='ltr'><strong>qui</strong></span> <span class='ocrx_word' id='word_1_200' title='bbox 214 1602 259 1628; x_wconf 87' lang='lat' dir='ltr'><strong>se</strong></span> <span class='ocrx_word' id='word_1_201' title='bbox 280 1602 334 1627; x_wconf 81' lang='lat' dir='ltr'><strong>ex</strong></span> <span class='ocrx_word' id='word_1_202' title='bbox 351 1588 534 1628; x_wconf 82' lang='lat' dir='ltr'><strong>Amasaei</strong></span> <span class='ocrx_word' id='word_1_203' title='bbox 553 1587 887 1639; x_wconf 80' lang='lat' dir='ltr'><strong>interpretatione</strong></span> <span class='ocrx_word' id='word_1_204' title='bbox 906 1585 1087 1643; x_wconf 79' lang='grc' dir='ltr'><strong><em>πρόναος</em></strong></span> <span class='ocrx_word' id='word_1_205' title='bbox 1106 1589 1334 1630; x_wconf 83' lang='lat' dir='ltr'><strong>restituisse</strong></span> <span class='ocrx_word' id='word_1_206' title='bbox 1357 1591 1460 1631; x_wconf 88' lang='lat' dir='ltr'><strong>dicit</strong></span> <span class='ocrx_word' id='word_1_207' title='bbox 1478 1592 1553 1631; x_wconf 82' lang='lat' dir='ltr'><strong>sed</strong></span> 
     </span>
     <span class='ocr_line' id='line_1_24' title="bbox 119 1645 1553 1713; baseline 0.002 -26"><span class='ocrx_word' id='word_1_208' title='bbox 119 1648 180 1687; x_wconf 80' lang='lat' dir='ltr'><strong>ita</strong></span> <span class='ocrx_word' id='word_1_209' title='bbox 209 1647 293 1686; x_wconf 87' lang='lat' dir='ltr'><strong>iam</strong></span> <span class='ocrx_word' id='word_1_210' title='bbox 324 1651 559 1686; x_wconf 82' lang='lat' dir='ltr'><strong>correxerat</strong></span> <span class='ocrx_word' id='word_1_211' title='bbox 584 1645 829 1713; x_wconf 84' lang='lat' dir='ltr'><strong>Sylbmgius</strong></span> <span class='ocrx_word' id='word_1_212' title='bbox 858 1660 944 1685; x_wconf 86' lang='lat' dir='ltr'><strong>non</strong></span> <span class='ocrx_word' id='word_1_213' title='bbox 965 1647 1161 1686; x_wconf 88' lang='lat' dir='ltr'><strong>silendus.</strong></span> <span class='ocrx_word' id='word_1_214' title='bbox 1193 1649 1246 1687; x_wconf 85' lang='lat' dir='ltr'><strong>cf.</strong></span> <span class='ocrx_word' id='word_1_215' title='bbox 1274 1649 1326 1688; x_wconf 85' lang='lat' dir='ltr'><strong>de</strong></span> <span class='ocrx_word' id='word_1_216' title='bbox 1349 1649 1429 1689; x_wconf 88' lang='lat' dir='ltr'><strong>hac</strong></span> <span class='ocrx_word' id='word_1_217' title='bbox 1448 1664 1553 1690; x_wconf 80' lang='lat' dir='ltr'><strong>voce</strong></span> 
     </span>
     <span class='ocr_line' id='line_1_25' title="bbox 122 1699 1553 1759; baseline 0.003 -15"><span class='ocrx_word' id='word_1_218' title='bbox 122 1706 176 1745; x_wconf 87' lang='lat' dir='ltr'><strong>ad</strong></span> <span class='ocrx_word' id='word_1_219' title='bbox 197 1705 246 1756; x_wconf 90' lang='lat' dir='ltr'>II,</span> <span class='ocrx_word' id='word_1_220' title='bbox 271 1708 339 1756; x_wconf 87' lang='lat'><strong>17,</strong></span> <span class='ocrx_word' id='word_1_221' title='bbox 360 1710 401 1751; x_wconf 86' lang='lat'><strong>3.</strong></span> <span class='ocrx_word' id='word_1_222' title='bbox 424 1704 519 1746; x_wconf 88' lang='lat' dir='ltr'><strong>adn.</strong></span> <span class='ocrx_word' id='word_1_223' title='bbox 547 1699 756 1759; x_wconf 83' lang='grc' dir='ltr'><strong><em>πρόςναον</em></strong></span> <span class='ocrx_word' id='word_1_224' title='bbox 776 1704 906 1757; x_wconf 88' lang='lat' dir='ltr'><strong>Mosq.</strong></span> <span class='ocrx_word' id='word_1_225' title='bbox 937 1704 1153 1758; x_wconf 77' lang='grc' dir='ltr'><strong><em>ἐπίκλησιν</em></strong></span> <span class='ocrx_word' id='word_1_226' title='bbox 1170 1728 1232 1736; x_wconf 95' lang='grc'>-</span> <span class='ocrx_word' id='word_1_227' title='bbox 1252 1706 1449 1750; x_wconf 77' lang='grc' dir='ltr'><strong><em>ἐτίθεντο.</em></strong></span> <span class='ocrx_word' id='word_1_228' title='bbox 1479 1708 1553 1748; x_wconf 91' lang='lat' dir='ltr'><strong>ni-</strong></span> 
     </span>
     <span class='ocr_line' id='line_1_26' title="bbox 121 1736 1552 1827; baseline 0.002 -23"><span class='ocrx_word' id='word_1_229' title='bbox 121 1763 184 1804; x_wconf 84' lang='lat' dir='ltr'><strong>hil</strong></span> <span class='ocrx_word' id='word_1_230' title='bbox 218 1736 499 1821; x_wconf 56' lang='lat' dir='ltr'><strong>iiiutandum,</strong></span> <span class='ocrx_word' id='word_1_231' title='bbox 522 1761 700 1803; x_wconf 80' lang='lat' dir='ltr'><strong>variavit</strong></span> <span class='ocrx_word' id='word_1_232' title='bbox 730 1763 910 1816; x_wconf 82' lang='lat' dir='ltr'><strong>scriptor</strong></span> <span class='ocrx_word' id='word_1_233' title='bbox 940 1763 1166 1804; x_wconf 87' lang='lat' dir='ltr'><strong>orationem</strong></span> <span class='ocrx_word' id='word_1_234' title='bbox 1193 1765 1455 1827; x_wconf 77' lang='lat' dir='ltr'><strong>breviterque</strong></span> <span class='ocrx_word' id='word_1_235' title='bbox 1482 1768 1552 1807; x_wconf 90' lang='lat' dir='ltr'><strong>lo·-</strong></span> 
     </span>
     <span class='ocr_line' id='line_1_27' title="bbox 123 1827 369 1877; baseline -0.004 -15"><span class='ocrx_word' id='word_1_236' title='bbox 123 1828 276 1877; x_wconf 84' lang='lat' dir='ltr'><strong>quutus</strong></span> <span class='ocrx_word' id='word_1_237' title='bbox 296 1827 369 1861; x_wconf 84' lang='lat' dir='ltr'><strong>est.</strong></span> 
     </span>
    </p>
   </div>
   <div class='ocr_carea' id='block_1_3' title="bbox 124 1877 1612 2869">
    <p class='ocr_par' dir='ltr' id='par_1_3' title="bbox 124 1877 1612 2291">
     <span class='ocr_line' id='line_1_28' title="bbox 238 1877 1555 1951; baseline 0.002 -27"><span class='ocrx_word' id='word_1_238' title='bbox 238 1878 281 1934; x_wconf 69' lang='lat'><strong>§-</strong></span> <span class='ocrx_word' id='word_1_239' title='bbox 310 1883 353 1951; x_wconf 68' lang='lat'><strong>23</strong></span> <span class='ocrx_word' id='word_1_240' title='bbox 399 1877 544 1946; x_wconf 84' lang='grc' dir='ltr'><strong><em>’Ἀρεος</em></strong></span> <span class='ocrx_word' id='word_1_241' title='bbox 562 1878 693 1932; x_wconf 85' lang='lat' dir='ltr'><strong>Mosq.</strong></span> <span class='ocrx_word' id='word_1_242' title='bbox 725 1879 886 1919; x_wconf 82' lang='lat' dir='ltr'><strong>Clavier</strong></span> <span class='ocrx_word' id='word_1_243' title='bbox 906 1893 928 1924; x_wconf 79' lang='lat' dir='ltr'><strong>e</strong></span> <span class='ocrx_word' id='word_1_244' title='bbox 951 1879 1371 1926; x_wconf 83' lang='lat' dir='ltr'><strong>codd-1410.1411.</strong></span> <span class='ocrx_word' id='word_1_245' title='bbox 1405 1899 1464 1932; x_wconf 85' lang='grc' dir='ltr'><strong>ως</strong></span> <span class='ocrx_word' id='word_1_246' title='bbox 1480 1879 1555 1926; x_wconf 76' lang='grc' dir='ltr'><strong><em>καὶ</em></strong></span> 
     </span>
     <span class='ocr_line' id='line_1_29' title="bbox 125 1933 1554 1996; baseline 0.002 -16"><span class='ocrx_word' id='word_1_247' title='bbox 125 1935 241 1995; x_wconf 63' lang='grc' dir='ltr'><strong><em>ἶερδν</em></strong></span> <span class='ocrx_word' id='word_1_248' title='bbox 257 1938 300 1989; x_wconf 76' lang='grc' dir='ltr'><strong>ἐξ</strong></span> <span class='ocrx_word' id='word_1_249' title='bbox 323 1934 452 1993; x_wconf 76' lang='grc' dir='ltr'><strong><em>ἆρχῆς</em></strong></span> <span class='ocrx_word' id='word_1_250' title='bbox 479 1933 736 1994; x_wconf 77' lang='grc' dir='ltr'><strong><em>φ’κοδομηθη</em></strong></span> <span class='ocrx_word' id='word_1_251' title='bbox 756 1940 813 1994; x_wconf 84' lang='grc' dir='ltr'><strong><em>τῷ</em></strong></span> <span class='ocrx_word' id='word_1_252' title='bbox 829 1940 920 1993; x_wconf 82' lang='grc' dir='ltr'><strong>θεῷ</strong></span> <span class='ocrx_word' id='word_1_253' title='bbox 939 1952 1016 1991; x_wconf 89' lang='lat' dir='ltr'><strong>pro</strong></span> <span class='ocrx_word' id='word_1_254' title='bbox 1035 1939 1150 1991; x_wconf 79' lang='lat' dir='ltr'><strong>&#39;vulg-</strong></span> <span class='ocrx_word' id='word_1_255' title='bbox 1182 1956 1241 1989; x_wconf 83' lang='grc' dir='ltr'><strong>ως</strong></span> <span class='ocrx_word' id='word_1_256' title='bbox 1261 1940 1333 1982; x_wconf 76' lang='grc' dir='ltr'><strong><em>καὶ</em></strong></span> <span class='ocrx_word' id='word_1_257' title='bbox 1355 1937 1448 1991; x_wconf 79' lang='grc' dir='ltr'><strong>ἔξ’</strong></span> <span class='ocrx_word' id='word_1_258' title='bbox 1420 1946 1554 1996; x_wconf 77' lang='grc' dir='ltr'><strong><em>αρχῆς</em></strong></span> 
     </span>
     <span class='ocr_line' id='line_1_30' title="bbox 125 1992 1552 2062; baseline 0 -23"><span class='ocrx_word' id='word_1_259' title='bbox 125 1997 423 2050; x_wconf 74' lang='grc' dir='ltr'><strong><em>οἰκοδομηθείη</em></strong></span> <span class='ocrx_word' id='word_1_260' title='bbox 441 1999 498 2052; x_wconf 81' lang='grc' dir='ltr'><strong><em>τῷ</em></strong></span> <span class='ocrx_word' id='word_1_261' title='bbox 516 1998 608 2037; x_wconf 83' lang='grc' dir='ltr'><strong>θεω</strong></span> <span class='ocrx_word' id='word_1_262' title='bbox 631 1995 807 2049; x_wconf 84' lang='lat' dir='ltr'><strong>scripsit.</strong></span> <span class='ocrx_word' id='word_1_263' title='bbox 827 1994 931 2050; x_wconf 78' lang='grc' dir='ltr'><strong><em>υπὲρ</em></strong></span> <span class='ocrx_word' id='word_1_264' title='bbox 952 1999 1027 2062; x_wconf 73' lang='grc' dir='ltr'><strong><em>τῇς</em></strong></span> <span class='ocrx_word' id='word_1_265' title='bbox 1043 1992 1306 2052; x_wconf 78' lang='grc' dir='ltr'><strong><em>Ἀφροδίτης·</em></strong></span> <span class='ocrx_word' id='word_1_266' title='bbox 1333 1999 1414 2039; x_wconf 82' lang='lat' dir='ltr'><strong>Hie</strong></span> <span class='ocrx_word' id='word_1_267' title='bbox 1434 2001 1552 2040; x_wconf 77' lang='lat' dir='ltr'><strong>locus</strong></span> 
     </span>
     <span class='ocr_line' id='line_1_31' title="bbox 125 2038 1552 2120; baseline 0.003 -26"><span class='ocrx_word' id='word_1_268' title='bbox 125 2054 348 2095; x_wconf 83' lang='lat' dir='ltr'><strong>clarissime</strong></span> <span class='ocrx_word' id='word_1_269' title='bbox 369 2038 512 2104; x_wconf 64' lang='lat' dir='ltr'><strong>doce‘t,</strong></span> <span class='ocrx_word' id='word_1_270' title='bbox 541 2068 619 2108; x_wconf 88' lang='lat' dir='ltr'><strong>pro</strong></span> <span class='ocrx_word' id='word_1_271' title='bbox 633 2054 796 2120; x_wconf 76' lang='lat' dir='ltr'><strong>templo</strong></span> <span class='ocrx_word' id='word_1_272' title='bbox 822 2054 983 2093; x_wconf 85' lang='lat' dir='ltr'><strong>numini</strong></span> <span class='ocrx_word' id='word_1_273' title='bbox 1006 2054 1132 2095; x_wconf 82' lang='lat' dir='ltr'><strong>alicui</strong></span> <span class='ocrx_word' id='word_1_274' title='bbox 1154 2056 1340 2113; x_wconf 78' lang='lat' dir='ltr'><strong>dedicato</strong></span> <span class='ocrx_word' id='word_1_275' title='bbox 1367 2058 1552 2098; x_wconf 87' lang='lat' dir='ltr'><strong>numinis</strong></span> 
     </span>
     <span class='ocr_line' id='line_1_32' title="bbox 124 2111 1554 2168; baseline 0.004 -16"><span class='ocrx_word' id='word_1_276' title='bbox 124 2113 256 2167; x_wconf 80' lang='lat' dir='ltr'><strong>ipsius</strong></span> <span class='ocrx_word' id='word_1_277' title='bbox 274 2127 426 2152; x_wconf 87' lang='lat' dir='ltr'><strong>nomen</strong></span> <span class='ocrx_word' id='word_1_278' title='bbox 448 2111 659 2152; x_wconf 80' lang='lat' dir='ltr'><strong>interdum</strong></span> <span class='ocrx_word' id='word_1_279' title='bbox 677 2112 794 2165; x_wconf 87' lang='lat' dir='ltr'><strong>poni.</strong></span> <span class='ocrx_word' id='word_1_280' title='bbox 848 2112 918 2151; x_wconf 92' lang='lat' dir='ltr'><strong>Sic</strong></span> <span class='ocrx_word' id='word_1_281' title='bbox 941 2111 1056 2168; x_wconf 81' lang='grc' dir='ltr'>μέχρι</span> <span class='ocrx_word' id='word_1_282' title='bbox 1074 2116 1158 2155; x_wconf 78' lang='grc' dir='ltr'><strong><em>τοῖν</em></strong></span> <span class='ocrx_word' id='word_1_283' title='bbox 1179 2111 1442 2167; x_wconf 80' lang='grc' dir='ltr'><strong><em>Ευμενίδων.</em></strong></span> <span class='ocrx_word' id='word_1_284' title='bbox 1481 2115 1554 2158; x_wconf 77' lang='grc' dir='ltr'><strong>ἐπὶ</strong></span> 
     </span>
     <span class='ocr_line' id='line_1_33' title="bbox 124 2169 1552 2228; baseline 0.001 -16"><span class='ocrx_word' id='word_1_285' title='bbox 124 2174 210 2212; x_wconf 72' lang='grc' dir='ltr'><strong>τῶν</strong></span> <span class='ocrx_word' id='word_1_286' title='bbox 233 2174 397 2224; x_wconf 75' lang='grc' dir='ltr'><strong><em>σεμνῶν</em></strong></span> <span class='ocrx_word' id='word_1_287' title='bbox 426 2173 544 2211; x_wconf 80' lang='grc' dir='ltr'><strong><em>θεων</em></strong></span> <span class='ocrx_word' id='word_1_288' title='bbox 566 2170 612 2208; x_wconf 91' lang='lat' dir='ltr'><strong>in</strong></span> <span class='ocrx_word' id='word_1_289' title='bbox 630 2169 846 2209; x_wconf 85' lang='lat' dir='ltr'><strong>Clitodemi</strong></span> <span class='ocrx_word' id='word_1_290' title='bbox 866 2170 1024 2222; x_wconf 85' lang='lat' dir='ltr'><strong>Fragm.</strong></span> <span class='ocrx_word' id='word_1_291' title='bbox 1049 2186 1090 2226; x_wconf 88' lang='lat' dir='ltr'><strong>p.</strong></span> <span class='ocrx_word' id='word_1_292' title='bbox 1110 2175 1180 2216; x_wconf 83' lang='lat'><strong>36.</strong></span> <span class='ocrx_word' id='word_1_293' title='bbox 1218 2173 1318 2213; x_wconf 81' lang='lat' dir='ltr'><strong>Mox</strong></span> <span class='ocrx_word' id='word_1_294' title='bbox 1345 2171 1387 2227; x_wconf 80' lang='lat'><strong>§.</strong></span> <span class='ocrx_word' id='word_1_295' title='bbox 1407 2178 1448 2218; x_wconf 85' lang='lat'><strong>3.</strong></span> <span class='ocrx_word' id='word_1_296' title='bbox 1475 2177 1552 2228; x_wconf 81' lang='grc' dir='ltr'><strong><em>τῆς</em></strong></span> 
     </span>
     <span class='ocr_line' id='line_1_34' title="bbox 124 2223 1612 2300; baseline -0.003 -28.995"><span class='ocrx_word' id='word_1_297' title='bbox 124 2225 360 2285; x_wconf 75' lang='grc' dir='ltr'><strong><em>Ἀγροτέρας</em></strong></span> <span class='ocrx_word' id='word_1_298' title='bbox 378 2243 456 2300; x_wconf 85' lang='lat' dir='ltr'><strong>pro</strong></span> <span class='ocrx_word' id='word_1_299' title='bbox 477 2230 556 2270; x_wconf 81' lang='grc' dir='ltr'><strong>τοῦ</strong></span> <span class='ocrx_word' id='word_1_300' title='bbox 575 2230 683 2269; x_wconf 83' lang='grc' dir='ltr'><strong><em>ναοῦ</em></strong></span> <span class='ocrx_word' id='word_1_301' title='bbox 699 2230 774 2281; x_wconf 82' lang='grc' dir='ltr'><strong><em>τῆς</em></strong></span> <span class='ocrx_word' id='word_1_302' title='bbox 790 2223 894 2282; x_wconf 68' lang='lat'><strong>&#39;⁴479-</strong></span> <span class='ocrx_word' id='word_1_303' title='bbox 1604 2239 1612 2291; x_wconf 30' lang='grc' dir='ltr'><strong>ῃ·</strong></span> 
     </span>
    </p>

    <p class='ocr_par' dir='ltr' id='par_1_4' title="bbox 124 2281 1599 2869">
     <span class='ocr_line' id='line_1_35' title="bbox 241 2281 1554 2342; baseline 0.003 -16"><span class='ocrx_word' id='word_1_304' title='bbox 241 2285 284 2340; x_wconf 79' lang='lat'><strong>§.</strong></span> <span class='ocrx_word' id='word_1_305' title='bbox 312 2291 352 2330; x_wconf 82' lang='lat'><strong>3.</strong></span> <span class='ocrx_word' id='word_1_306' title='bbox 409 2281 629 2339; x_wconf 76' lang='grc' dir='ltr'><strong><em>Ἀνᾶθημα</em></strong></span> <span class='ocrx_word' id='word_1_307' title='bbox 656 2281 951 2340; x_wconf 75' lang='grc' dir='ltr'><strong><em>Ἀριστοδήμου</em></strong></span> <span class='ocrx_word' id='word_1_308' title='bbox 988 2286 1058 2328; x_wconf 84' lang='grc' dir='ltr'><strong><em>καὶ</em></strong></span> <span class='ocrx_word' id='word_1_309' title='bbox 1094 2291 1217 2330; x_wconf 78' lang='grc' dir='ltr'><strong><em>τοῦτο</em></strong></span> <span class='ocrx_word' id='word_1_310' title='bbox 1250 2289 1446 2342; x_wconf 79' lang='lat' dir='ltr'><strong>Vulgata,</strong></span> <span class='ocrx_word' id='word_1_311' title='bbox 1484 2303 1554 2330; x_wconf 83' lang='lat' dir='ltr'><strong>me</strong></span> 
     </span>
     <span class='ocr_line' id='line_1_36' title="bbox 128 2343 1552 2398; baseline 0.003 -14"><span class='ocrx_word' id='word_1_312' title='bbox 128 2345 294 2398; x_wconf 86' lang='lat' dir='ltr'><strong>quidem</strong></span> <span class='ocrx_word' id='word_1_313' title='bbox 314 2345 453 2384; x_wconf 80' lang='lat' dir='ltr'><strong>iudice</strong></span> <span class='ocrx_word' id='word_1_314' title='bbox 473 2358 558 2383; x_wconf 92' lang='lat' dir='ltr'><strong>non</strong></span> <span class='ocrx_word' id='word_1_315' title='bbox 580 2343 861 2395; x_wconf 80' lang='lat' dir='ltr'><strong>sollicitanda3</strong></span> <span class='ocrx_word' id='word_1_316' title='bbox 900 2359 1076 2398; x_wconf 89' lang='lat' dir='ltr'><strong>namque</strong></span> <span class='ocrx_word' id='word_1_317' title='bbox 1098 2345 1169 2386; x_wconf 82' lang='lat' dir='ltr'><strong>hic</strong></span> <span class='ocrx_word' id='word_1_318' title='bbox 1189 2346 1306 2387; x_wconf 89' lang='lat' dir='ltr'><strong>locus</strong></span> <span class='ocrx_word' id='word_1_319' title='bbox 1330 2349 1552 2388; x_wconf 83' lang='lat' dir='ltr'><strong>conferen-</strong></span> 
     </span>
     <span class='ocr_line' id='line_1_37' title="bbox 127 2403 1552 2459; baseline 0.002 -17"><span class='ocrx_word' id='word_1_320' title='bbox 127 2403 206 2442; x_wconf 90' lang='lat' dir='ltr'><strong>dus</strong></span> <span class='ocrx_word' id='word_1_321' title='bbox 224 2409 287 2442; x_wconf 88' lang='lat' dir='ltr'><strong>est</strong></span> <span class='ocrx_word' id='word_1_322' title='bbox 307 2417 403 2442; x_wconf 89' lang='lat' dir='ltr'><strong>cum</strong></span> <span class='ocrx_word' id='word_1_323' title='bbox 423 2416 510 2455; x_wconf 91' lang='lat' dir='ltr'><strong>cap.</strong></span> <span class='ocrx_word' id='word_1_324' title='bbox 533 2405 616 2452; x_wconf 88' lang='lat'><strong>30,</strong></span> <span class='ocrx_word' id='word_1_325' title='bbox 637 2404 694 2451; x_wconf 83' lang='grc'><strong>3,.</strong></span> <span class='ocrx_word' id='word_1_326' title='bbox 717 2415 822 2454; x_wconf 84' lang='lat' dir='ltr'><strong>quae</strong></span> <span class='ocrx_word' id='word_1_327' title='bbox 842 2404 1050 2442; x_wconf 85' lang='lat' dir='ltr'><strong>contentio</strong></span> <span class='ocrx_word' id='word_1_328' title='bbox 1074 2404 1218 2456; x_wconf 84' lang='lat' dir='ltr'><strong>docet,</strong></span> <span class='ocrx_word' id='word_1_329' title='bbox 1245 2413 1286 2445; x_wconf 88' lang='lat' dir='ltr'><strong>et</strong></span> <span class='ocrx_word' id='word_1_330' title='bbox 1307 2406 1422 2445; x_wconf 89' lang='lat' dir='ltr'><strong>illam</strong></span> <span class='ocrx_word' id='word_1_331' title='bbox 1444 2421 1552 2459; x_wconf 88' lang='lat' dir='ltr'><strong>por-</strong></span> 
     </span>
     <span class='ocr_line' id='line_1_38' title="bbox 124 2459 1552 2514; baseline 0.002 -13"><span class='ocrx_word' id='word_1_332' title='bbox 124 2461 275 2512; x_wconf 82' lang='lat' dir='ltr'><strong>ticum,</strong></span> <span class='ocrx_word' id='word_1_333' title='bbox 304 2459 564 2514; x_wconf 77' lang='lat' dir='ltr'><strong>Myropolin,</strong></span> <span class='ocrx_word' id='word_1_334' title='bbox 598 2465 640 2499; x_wconf 83' lang='lat' dir='ltr'><strong>et</strong></span> <span class='ocrx_word' id='word_1_335' title='bbox 658 2459 768 2499; x_wconf 85' lang='lat' dir='ltr'><strong>hanc</strong></span> <span class='ocrx_word' id='word_1_336' title='bbox 792 2461 932 2500; x_wconf 83' lang='lat' dir='ltr'><strong>aedem</strong></span> <span class='ocrx_word' id='word_1_337' title='bbox 953 2461 1103 2501; x_wconf 87' lang='lat' dir='ltr'><strong>Dianae</strong></span> <span class='ocrx_word' id='word_1_338' title='bbox 1120 2463 1349 2503; x_wconf 88' lang='lat' dir='ltr'><strong>Venatricis</strong></span> <span class='ocrx_word' id='word_1_339' title='bbox 1378 2465 1427 2503; x_wconf 89' lang='lat' dir='ltr'><strong>ab</strong></span> <span class='ocrx_word' id='word_1_340' title='bbox 1451 2465 1552 2504; x_wconf 78' lang='lat' dir='ltr'><strong>Ari-</strong></span> 
     </span>
     <span class='ocr_line' id='line_1_39' title="bbox 127 2518 1599 2569; baseline 0.003 -11"><span class='ocrx_word' id='word_1_341' title='bbox 127 2520 313 2559; x_wconf 85' lang='lat' dir='ltr'><strong>stodemo</strong></span> <span class='ocrx_word' id='word_1_342' title='bbox 339 2519 565 2558; x_wconf 81' lang='lat' dir='ltr'><strong>dedicatam</strong></span> <span class='ocrx_word' id='word_1_343' title='bbox 585 2531 680 2557; x_wconf 90' lang='lat' dir='ltr'><strong>esse.</strong></span> <span class='ocrx_word' id='word_1_344' title='bbox 732 2518 826 2566; x_wconf 87' lang='lat' dir='ltr'><strong>Quo</strong></span> <span class='ocrx_word' id='word_1_345' title='bbox 847 2532 960 2557; x_wconf 84' lang='lat' dir='ltr'><strong>nexu</strong></span> <span class='ocrx_word' id='word_1_346' title='bbox 978 2533 1063 2558; x_wconf 89' lang='lat' dir='ltr'><strong>non</strong></span> <span class='ocrx_word' id='word_1_347' title='bbox 1086 2521 1367 2562; x_wconf 81' lang='lat' dir='ltr'><strong>animadverso</strong></span> <span class='ocrx_word' id='word_1_348' title='bbox 1391 2522 1553 2563; x_wconf 80' lang='lat' dir='ltr'><strong>clavier</strong></span> <span class='ocrx_word' id='word_1_349' title='bbox 1596 2567 1599 2569; x_wconf 10' lang='grc' dir='ltr'><strong><em>μ</em></strong></span> 
     </span>
     <span class='ocr_line' id='line_1_40' title="bbox 128 2571 1599 2630; baseline 0.003 -14"><span class='ocrx_word' id='word_1_350' title='bbox 128 2577 394 2630; x_wconf 78' lang='lat' dir='ltr'><strong>opinabatur,</strong></span> <span class='ocrx_word' id='word_1_351' title='bbox 425 2572 626 2630; x_wconf 64' lang='grc' dir='ltr'><strong><em>ἀνάθημα</em></strong></span> <span class='ocrx_word' id='word_1_352' title='bbox 642 2571 934 2630; x_wconf 78' lang='grc' dir='ltr'><strong><em>Ἀριστοδήμου</em></strong></span> <span class='ocrx_word' id='word_1_353' title='bbox 956 2575 1113 2629; x_wconf 82' lang='grc' dir='ltr'><strong><em>ἐρείπια</em></strong></span> <span class='ocrx_word' id='word_1_354' title='bbox 1133 2579 1203 2620; x_wconf 79' lang='grc' dir='ltr'><strong><em>καὶ</em></strong></span> <span class='ocrx_word' id='word_1_355' title='bbox 1221 2583 1341 2622; x_wconf 81' lang='grc' dir='ltr'><strong><em>τοῦτο</em></strong></span> <span class='ocrx_word' id='word_1_356' title='bbox 1363 2581 1552 2621; x_wconf 85' lang='lat' dir='ltr'><strong>scriben-</strong></span> <span class='ocrx_word' id='word_1_357' title='bbox 1596 2579 1599 2582; x_wconf 79' lang='grc'><strong>’</strong></span> 
     </span>
     <span class='ocr_line' id='line_1_41' title="bbox 129 2634 1550 2687; baseline 0.004 -14"><span class='ocrx_word' id='word_1_358' title='bbox 129 2635 229 2674; x_wconf 80' lang='lat' dir='ltr'><strong>dum</strong></span> <span class='ocrx_word' id='word_1_359' title='bbox 251 2649 347 2675; x_wconf 87' lang='lat' dir='ltr'><strong>esse.</strong></span> <span class='ocrx_word' id='word_1_360' title='bbox 396 2635 487 2674; x_wconf 89' lang='lat' dir='ltr'><strong>Hoc</strong></span> <span class='ocrx_word' id='word_1_361' title='bbox 509 2641 570 2673; x_wconf 86' lang='lat' dir='ltr'><strong>est</strong></span> <span class='ocrx_word' id='word_1_362' title='bbox 589 2647 674 2673; x_wconf 89' lang='lat' dir='ltr'><strong>non</strong></span> <span class='ocrx_word' id='word_1_363' title='bbox 693 2634 865 2686; x_wconf 81' lang='lat' dir='ltr'><strong>aegrotis</strong></span> <span class='ocrx_word' id='word_1_364' title='bbox 889 2635 961 2673; x_wconf 84' lang='lat' dir='ltr'><strong>sed</strong></span> <span class='ocrx_word' id='word_1_365' title='bbox 987 2636 1096 2675; x_wconf 89' lang='lat' dir='ltr'><strong>sanis</strong></span> <span class='ocrx_word' id='word_1_366' title='bbox 1115 2637 1288 2687; x_wconf 87' lang='lat' dir='ltr'><strong>mederi,</strong></span> <span class='ocrx_word' id='word_1_367' title='bbox 1322 2653 1407 2678; x_wconf 88' lang='lat' dir='ltr'><strong>non</strong></span> <span class='ocrx_word' id='word_1_368' title='bbox 1427 2639 1550 2678; x_wconf 79' lang='lat' dir='ltr'><strong>adiu-</strong></span> 
     </span>
     <span class='ocr_line' id='line_1_42' title="bbox 129 2691 1549 2751; baseline 0.006 -21"><span class='ocrx_word' id='word_1_369' title='bbox 129 2706 228 2732; x_wconf 87' lang='lat' dir='ltr'><strong>vare</strong></span> <span class='ocrx_word' id='word_1_370' title='bbox 245 2694 319 2733; x_wconf 86' lang='lat' dir='ltr'><strong>sed</strong></span> <span class='ocrx_word' id='word_1_371' title='bbox 340 2693 539 2746; x_wconf 88' lang='lat' dir='ltr'><strong>impedire</strong></span> <span class='ocrx_word' id='word_1_372' title='bbox 554 2691 657 2731; x_wconf 89' lang='lat' dir='ltr'><strong>haec</strong></span> <span class='ocrx_word' id='word_1_373' title='bbox 677 2691 827 2731; x_wconf 81' lang='lat' dir='ltr'><strong>studia.</strong></span> <span class='ocrx_word' id='word_1_374' title='bbox 858 2691 1041 2734; x_wconf 79' lang='grc' dir='ltr'><strong><em>ἐνταῦθα</em></strong></span> <span class='ocrx_word' id='word_1_375' title='bbox 1062 2694 1144 2736; x_wconf 80' lang='grc' dir='ltr'>ἔστι</span> <span class='ocrx_word' id='word_1_376' title='bbox 1164 2693 1240 2749; x_wconf 79' lang='grc' dir='ltr'><strong>μὲν</strong></span> <span class='ocrx_word' id='word_1_377' title='bbox 1260 2694 1367 2751; x_wconf 79' lang='grc' dir='ltr'><strong><em>ἱερὸν</em></strong></span> <span class='ocrx_word' id='word_1_378' title='bbox 1384 2693 1549 2751; x_wconf 81' lang='grc' dir='ltr'><strong><em>Ἀσκλη-</em></strong></span> 
     </span>
     <span class='ocr_line' id='line_1_43' title="bbox 129 2746 1547 2806; baseline 0.001 -15"><span class='ocrx_word' id='word_1_379' title='bbox 129 2753 245 2792; x_wconf 79' lang='grc' dir='ltr'>πιοῦ</span> <span class='ocrx_word' id='word_1_380' title='bbox 252 2751 325 2794; x_wconf 81' lang='grc' dir='ltr'><strong><em>καὶ</em></strong></span> <span class='ocrx_word' id='word_1_381' title='bbox 345 2769 371 2793; x_wconf 89' lang='grc' dir='ltr'><strong><em>α</em></strong></span> <span class='ocrx_word' id='word_1_382' title='bbox 351 2748 528 2806; x_wconf 60' lang='grc' dir='ltr'><strong><em>χαλμα,</em></strong></span> <span class='ocrx_word' id='word_1_383' title='bbox 554 2746 680 2799; x_wconf 63' lang='grc' dir='ltr'><strong><em>αὐτός</em></strong></span> <span class='ocrx_word' id='word_1_384' title='bbox 701 2766 744 2790; x_wconf 87' lang='grc' dir='ltr'><strong><em>τε</em></strong></span> <span class='ocrx_word' id='word_1_385' title='bbox 763 2766 834 2790; x_wconf 77' lang='grc' dir='ltr'><strong>και</strong></span> <span class='ocrx_word' id='word_1_386' title='bbox 851 2749 984 2804; x_wconf 76' lang='grc' dir='ltr'><strong><em>Ὑγεία</em></strong></span> <span class='ocrx_word' id='word_1_387' title='bbox 1004 2752 1191 2805; x_wconf 85' lang='lat' dir='ltr'><strong>Vulgata.</strong></span> <span class='ocrx_word' id='word_1_388' title='bbox 1244 2755 1326 2794; x_wconf 89' lang='lat' dir='ltr'><strong>Nos</strong></span> <span class='ocrx_word' id='word_1_389' title='bbox 1348 2769 1399 2794; x_wconf 75' lang='lat' dir='ltr'><strong>ex</strong></span> <span class='ocrx_word' id='word_1_390' title='bbox 1421 2757 1547 2795; x_wconf 81' lang='lat' dir='ltr'><strong>Ama—-</strong></span> 
     </span>
     <span class='ocr_line' id='line_1_44' title="bbox 131 2803 1549 2869; baseline 0.004 -21"><span class='ocrx_word' id='word_1_391' title='bbox 131 2803 216 2848; x_wconf 82' lang='lat' dir='ltr'><strong>saei</strong></span> <span class='ocrx_word' id='word_1_392' title='bbox 236 2808 592 2864; x_wconf 86' lang='lat' dir='ltr'><strong>interpretatione,</strong></span> <span class='ocrx_word' id='word_1_393' title='bbox 615 2822 737 2863; x_wconf 86' lang='lat' dir='ltr'><strong>quam</strong></span> <span class='ocrx_word' id='word_1_394' title='bbox 757 2807 1042 2863; x_wconf 84' lang='lat' dir='ltr'><strong>Goldhagenus</strong></span> <span class='ocrx_word' id='word_1_395' title='bbox 1060 2811 1220 2867; x_wconf 80' lang='lat' dir='ltr'><strong>retulit,</strong></span> <span class='ocrx_word' id='word_1_396' title='bbox 1243 2812 1314 2857; x_wconf 82' lang='grc' dir='ltr'><strong><em>καὶ</em></strong></span> <span class='ocrx_word' id='word_1_397' title='bbox 1335 2809 1549 2869; x_wconf 68' lang='grc' dir='ltr'><strong><em>ἆγάλματα</em></strong></span> 
     </span>
    </p>
   </div>
  </div>
 </body>
</html>
