1682 3172
182 198 270 244 472
706 197 1087 259 ΛΡΚΑΛΙΚΑ

135 348 138 353 .
183 316 290 371 ρᾶς,
323 305 433 370 ἦλθε
461 308 694 370 μάντευμα
722 312 772 358 ἐκ
799 316 1016 372 Δελφῶν,
1047 313 1268 373 Σκέφρον
1295 320 1496 376 θρηνεῖν.
1525 317 1602 364 καὶ

180 383 294 429 ἄλλα
322 398 368 426 τε
397 380 448 426 ἐν
476 384 561 426 τοῦ
595 379 801 440 Ἀγυιέως
829 388 885 443 τῇ
917 383 1052 443 ἑορτῇ
1081 387 1253 443 δρῶσιν
1281 385 1328 440 ἐς
1355 386 1489 446 τιμὴν
1515 391 1602 434 τοῦ

178 453 419 511 Σκέφρου,
457 450 534 496 καὶ
572 449 601 510 ἡ
631 455 710 511 τῆς
738 450 986 511 Ἀρτέμιδος
1016 454 1152 513 ἱέρεια
1179 454 1332 503 διώκει
1359 458 1482 514 τινὰ,
1519 457 1600 504 ἅτε

179 523 291 583 αὐτὴ
322 523 401 568 τὸν
429 524 640 580 Λειμῶνα
669 523 698 582 ἡ
716 521 935 583 Ἄρτεμις.
997 527 1074 583 (2)
1108 526 1305 585 Λέγουσι
1335 526 1613 586 &baccheia

181 593 402 652 Τεγεάτου
440 596 534 638 τῶν
568 595 744 639 παίδων
783 596 872 640 ἔδει
910 594 991 642 τὸν
1020 594 1163 644 τόπον
1191 601 1453 657 μετοικῆσαι
1481 601 1601 656 σφᾶς

177 665 394 736 ἑκουσίως
425 663 468 716 ἐς
497 656 709 750 Κρήτην,
748 664 966 721 Κύδωνα,
1006 668 1082 721 καὶ
1104 665 1351 726 ’Λρχίδιον,
1383 669 1458 715 καὶ
1487 667 1600 727 Γόρ-

174 750 309 781 τυνα·
361 734 437 780 καὶ
480 732 568 780 ἀπὸ
607 734 783 780 τούτων
820 736 962 794 φασὶν
999 735 1313 798 ονομασθῆναι
1340 757 1422 794 τας
1449 737 1601 793 πόλεις

173 807 443 859 Κυδωνίαν,
486 805 563 850 καὶ
596 804 815 863 Γόρτυνά
853 822 922 861 τε,
974 808 1049 853 καὶ
1089 807 1286 867 Κατρέα.
1342 812 1514 873 Κρῆτες
1550 808 1599 857 δὲ

174 876 258 936 οὐχ
287 875 615 935 ὁμολογοῦντες
644 882 707 939 τῷ
739 880 966 935 Τεγεατῶν
985 877 1131 942 λόγῳ,
1162 878 1363 926 Κύδωνα
1382 876 1492 939 μὲν’
1484 885 1601 927 Ακα-

172 951 380 1001 καλλίδος
412 947 642 1006 θυγατρὸς
672 935 809 993 Μίνω
840 949 916 994 καὶ
940 946 1132 1008 Ἑρμοῦ,
1170 950 1352 1009 Κατρέα
1380 951 1429 996 δέ
1460 946 1600 1011 φασιν

172 1017 288 1065 εἶναι
320 1020 478 1073 Μίνω,
512 1016 594 1062 τὸν
624 1017 672 1064 δὲ
703 1017 909 1076 Γόρτυνα
938 1017 1293 1079 Ῥαδαμάνθυος.
1347 1008 1418 1076 Ἐς
1446 1021 1495 1068 δὲ
1522 1039 1599 1068 αυ-

171 1091 252 1135 τὸν
287 1088 609 1147 Ῥαδάμανθυν
645 1087 844 1149 Ὅμηρον
882 1092 964 1149 μέν
1001 1091 1121 1154 ἐστιν
1150 1090 1198 1136 ἐν
1229 1093 1451 1148 Πρωτέως
1482 1091 1601 1151 πρὸς

170 1162 412 1207 Μενέλαον
451 1159 626 1218 λόγοις,
669 1160 729 1214 ὥς
768 1161 813 1214 ἐς
849 1161 900 1206 τὸ
941 1164 1100 1208 πεδίον
1137 1161 1236 1221 ἥξοι
1273 1163 1510 1218 Μενέλαος
1540 1161 1599 1210 τὸ

168 1231 405 1286 Ἠλύσιον,
437 1229 662 1288 πρότερον
695 1231 742 1276 δὲ
773 1233 836 1277 ἔτι
860 1232 1181 1291 Ῥαδάμανθυν
1209 1233 1410 1280 ἐνταῦθα
1441 1235 1596 1280 οἰκεῖν.

170 1306 410 1349 Κιναίθων
451 1303 499 1347 δὲ
541 1303 589 1348 ἐν
617 1309 712 1356 τοῖς
744 1302 893 1348 ἔπεσιν
922 1303 1149 1362 ἐποίησεν,
1193 1303 1252 1357 ὥς
1279 1304 1597 1363 Ῥαδάμανθυς

170 1374 253 1433 μὲν
276 1372 552 1431 Ἡφαίστου,
570 1373 821 1431 ’Ἥφαιστος
851 1374 898 1419 δὲ
926 1376 991 1433 εἴη
1027 1373 1182 1428 Τάλω,
1217 1373 1378 1420 Τάλων
1408 1374 1456 1421 δὲ
1481 1368 1596 1421 εἶναι

169 1445 350 1504 Κρητός
386 1447 538 1490 παῖδα.
599 1446 644 1489 οἱ
685 1444 765 1502 μὲν
797 1444 851 1503 δὴ
879 1443 1102 1503 Ἑλλήνων
1130 1445 1259 1503 λόγοι
1290 1443 1510 1505 διάφοροι
1537 1444 1595 1492 τὰ

168 1516 361 1571 πλέονα,
400 1515 477 1561 καὶ
516 1512 600 1573 οὐχ
631 1513 790 1573 ἥκιστα
819 1514 890 1560 ἐπὶ
915 1520 1014 1568 τοῖς
1041 1514 1216 1573 γένεσίν
1246 1517 1342 1562 εἰσι.
1402 1518 1483 1578 (3)
1519 1521 1595 1563 Τε-

168 1659 472 1700 consulentibus
511 1646 534 1698 e
562 1657 753 1713 Delphici
791 1657 996 1712 Apollinis
1035 1659 1312 1713 penetralibus
1349 1672 1593 1714 responsum

165 1733 336 1772 allatum
361 1737 441 1782 est,
473 1729 696 1783 lugendum
715 1743 801 1768 esse
820 1728 1058 1783 Scephrum.
1091 1718 1367 1779 Quamobrem!
1382 1730 1426 1770 in
1448 1730 1593 1786 Agyiei

166 1803 291 1843 sacris
323 1810 363 1842 et
393 1802 472 1842 alia
501 1802 545 1840 in
575 1799 746 1855 Scephri
775 1799 975 1840 honorem
1007 1801 1189 1853 faciunt,
1221 1807 1262 1841 et
1291 1803 1410 1856 virgo
1439 1802 1592 1854 Dianae

165 1875 353 1914 sacerdos
383 1887 515 1913 unum
542 1871 772 1926 quempiam
790 1871 1036 1924 insectatur,
1068 1872 1239 1911 Dianam
1258 1873 1357 1912 dum
1378 1873 1591 1913 Limonem

163 1950 476 1999 persequeretur
506 1943 713 1982 simulans.
776 1939 854 1996 (2)
887 1941 1015 1980 Aiunt
1045 1942 1166 1982 etiam
1197 1944 1245 1982 de
1267 1945 1460 1997 Tegeatae
1481 1944 1588 1984 libe-

162 2017 220 2057 ris
244 2017 360 2057 ultro
389 2015 435 2054 in
465 2015 626 2053 Cretam
655 2013 829 2065 migrare
861 2012 1085 2065 oportuisse
1116 2013 1345 2067 Cydonem,
1382 2015 1586 2068 Catreum,

160 2086 428 2136 Archidium‚
471 2075 716 2138 Gortynem:
768 2097 791 2121 a
822 2082 969 2136 quibus
1004 2083 1126 2123 urbes
1157 2084 1389 2124 nominatae
1418 2085 1586 2139 fuerint,

163 2158 369 2212 Cydonia,
405 2158 586 2209 Gortyn,
621 2155 797 2202 Catreus.
852 2154 1059 2194 Cretenses
1078 2161 1214 2194 tamen
1233 2157 1468 2210 neutiquam
1490 2156 1588 2197 huic

162 2227 377 2282 Tegeatn'un
409 2226 586 2267 sermoni
614 2227 902 2277 assentientes,
936 2226 1144 2279 Cydonem
1174 2226 1409 2268 Aeaeallide
1434 2228 1585 2269 Minois

162 2301 249 2340 filia
281 2307 321 2339 et
343 2298 544 2338 Mercurio
575 2297 757 2350 genitum
789 2296 954 2336 dicunt:
993 2303 1034 2337 at
1060 2298 1249 2336 catreum
1274 2297 1443 2351 Minois,
1471 2299 1586 2338 Rha-

163 2370 372 2410 damanthi
404 2371 628 2423 Gortynem
658 2367 766 2408 filios
797 2368 935 2407 fuisse.
993 2367 1052 2406 De
1078 2367 1387 2408 Rhadamantho
1419 2370 1585 2423 quidem

162 2442 362 2482 Homerus
396 2441 584 2495 prodidit
620 2439 666 2478 in
695 2437 831 2479 Protei
869 2444 909 2477 et
936 2437 1107 2477 Menelai
1139 2439 1366 2492 colloquio,
1406 2438 1451 2479 in
1479 2440 1584 2494 Ely-

163 2513 244 2551 sios
279 2527 441 2566 campos
471 2512 700 2553 Menelaum
728 2516 972 2560 venturum,
1003 2509 1078 2548 ubi
1107 2510 1239 2549 multo
1269 2510 1386 2564 prius
1415 2508 1584 2550 Rhada-
1610 2555 1616 2562 ι

162 2582 353 2622 manthus
384 2583 516 2622 sedem
549 2583 602 2621 sit
631 2587 788 2621 nactus.
849 2579 1075 2620 Cinaethon
1114 2594 1213 2620 vero
1249 2580 1433 2620 versibus
1463 2596 1582 2625 man-

162 2654 279 2693 davit
308 2650 662 2692 Rhadamanthum
681 2649 875 2703 Vulcani,
908 2651 1140 2691 Vulcanum
1170 2649 1279 2702 Tali,
1311 2650 1456 2690 Talum
1480 2652 1581 2692 Cre-

159 2724 213 2763 tis
254 2724 383 2763 filium
424 2725 558 2764 fuisse.
618 2725 724 2763 Sunt
765 2735 862 2761 sane
894 2722 1144 2762 Graecorum
1181 2721 1335 2775 scripta
1374 2736 1500 2776 quum
1536 2722 1582 2762 in

160 2794 387 2848 plerisque,
418 2800 506 2835 tum
534 2795 579 2835 in
608 2794 658 2834 iis
686 2790 862 2833 maxime
890 2806 994 2846 quae
1017 2793 1069 2833 ad
1094 2792 1338 2846 gentilitates
1359 2793 1578 2848 pertinent,
