1676 3172
516 254 605 297 An
638 233 900 297 r.1·1}.vm
958 254 1101 298 cAP.
1125 254 1175 296 v.
1199 232 1201 235 ’
1469 258 1559 307 211

130 384 212 430 pm
235 374 441 427 eormp'to
485 369 674 428 ἔγραψαν
715 373 805 414 sine
846 372 1103 415 dubitatione
1126 370 1436 416 restituendum
1474 384 1562 411 esse

128 433 325 489 ἔγραψα,
347 445 476 485 quum
506 432 766 472 manifestum
789 432 866 484 sit,
892 431 1131 472 Pausaniam
1157 429 1240 469 hoc
1270 431 1397 470 1000
1384 443 1561 482 ingenue

131 490 344 541 confiteri,
365 504 420 529 se
440 490 479 540 1,
501 492 581 542 41,
606 493 645 534 3.
676 491 896 542 erravisse,
926 498 968 534 et
999 503 1122 530 sumn
1142 489 1260 527 illum
1285 503 1463 528 errorem
1489 487 1562 527 hic

126 548 268 603 ipsum
311 548 526 601 corrigere.
585 549 720 598 Quam
761 555 947 589 nostram
979 543 1303 593 emendationem
1342 546 1564 586 confirmat

128 607 266 647 codex
300 606 576 660 Mosquensis,
617 607 727 647 hanc
761 608 893 662 ipsam
929 607 1148 647 lectionem
1181 604 1344 671 ἔγραψα
1373 596 1561 644 offerens.

129 662 282 715 Quod
278 677 406 718 quum
425 666 573 705 Pacius
598 679 651 705 ex
671 666 746 705 illo
768 667 910 706 codice
928 680 1014 707 nou
1033 663 1281 715 «motaverit,
1311 677 1445 716 neque
1467 662 1563 701 Cla-

124 722 221 764 viet
239 723 466 778 quidquam
488 738 539 764 ex
565 724 647 765 suis
671 725 792 765 codd.
815 724 1012 766 Parisinis
1045 722 1252 772 attulerit,
1281 728 1434 762 temere
1454 721 1564 760 vul-

125 783 268 835 getam
298 789 512 836 repetens,
540 783 694 823 mirum
724 783 858 831 videri
889 783 1040 838 possit,
1082 781 1196 840 quod
1227 753 1410 820 Porsono
1442 779 1565 819 etiam

128 839 259 880 scribi
278 840 438 894 placuit
457 841 632 897 ἔγραψα.
680 841 942 882 Simillimum
960 840 1111 883 vitium
1131 834 1476 893 deprehendimus
1495 837 1564 887 III,

128 901 202 942 26
225 905 330 939 extr.
362 900 416 939 cf.
437 900 550 951 VIII,
571 903 650 950 37,
669 904 709 944 6.
739 901 802 951 X,
828 901 905 951 35,
928 903 969 944 4.
1009 899 1161 939 Mirum
1186 897 1307 945 etiam
1329 897 1442 950 quod
1467 896 1565 935 Cla·-

127 956 221 998 vier
230 956 279 996 in
292 958 596 1012 Supplementis
614 931 724 998 nihil
745 958 798 999 ad
818 958 860 998 h.
873 959 902 998 l.
922 956 1105 1008 notavit,
1126 970 1257 1010 quum
1272 963 1411 1005 tamen
1429 954 1565 994 alieno

109 1014 224 1055 loco
241 1015 276 1066 1,
297 1018 368 1060 40.
389 1030 431 1069 p.
443 1019 514 1060 57.
546 1017 755 1070 Supplem.
767 1023 907 1058 notam
929 988 1233 1070 aspersisset,
1237 1014 1389 1067 ,Voyez
1403 1013 1507 1064 VIII,
1523 1008 1564 1057 5.

60 1080 65 1087 ’
123 1072 189 1115 οἰι
205 1045 326 1115 Paila.
349 1087 403 1113 se
415 1074 574 1127 corrige
595 1075 657 1115 lui
678 1089 812 1116 meme
830 1081 872 1114 et
890 1089 975 1114 mes
1000 1081 1087 1114 not.
1108 1087 1181 1113 sur
1199 1043 1565 1143 A'pollod.13.11.“

119 1130 204 1174 ‘wi
211 1126 367 1173 ‘'sz
385 1132 459 1173 καὶ
477 1128 668 1188 Ὀρέστου
694 1130 983 1187 βασιλεύοντος
1001 1133 1141 1184 vulgo.
1168 1148 1242 1172 και
1261 1138 1357 1170 ante
1375 1123 1567 1185 Ὀρέστου

128 1189 411 1244 Sylburgius
398 1204 445 1230 111
466 1189 535 1232 ἐπὶ
554 1192 798 1231 mutandum
821 1191 959 1257 (.01ἱΙ,
983 1195 1062 1240 41,
1083 1194 1124 1235 3.
1154 1195 1196 1229 et
1212 1189 1327 1240 1100
1304 1201 1409 1243 ipso
1432 1187 1569 1243 capite

128 1245 175 1302 §-
182 1245 256 1302 5.,)
281 1248 429 1288 Pacius
462 1249 685 1288 delendum
705 1250 895 1304 putavit,
918 1250 1150 1302 delevitque
1163 1237 1343 1298 Clavier3
1374 1247 1448 1286 sed
1464 1260 1567 1300 pos·

130 1306 211 1345 nis
222 1306 347 1346 etiam
374 1307 603 1360 suspicari,
628 1308 831 1362 scriptum
856 1322 942 1348 esse
959 1323 983 1348 a
1002 1306 1203 1347 Pausania
1228 1302 1331 1349 ’‘at‘'
1332 1308 1464 1347 Τλλον
1489 1305 1570 1346 τοῦ
1611 1340 1615 1344 .

123 1358 321 1418 'Debet-ov
340 1361 646 1418 βασιλεύοντος.
673 1380 750 1405 nos
769 1366 890 1406 alteri
907 1366 979 1407 καὶ
1002 1379 1136 1405 uncos
1160 1356 1569 1419 3ἀ1111)111“111115.ἆπο-

123 1423 326 1491 unquam
341 1420 551 1462 Porsenus
565 1429 767 1479 mutatum
782 1424 952 1463 voluit'
939 1438 986 1463 111
1003 1419 1327 1490 ἀποπειρᾶσθαι.
1357 1421 1380 1465 ὃ
1396 1415 1569 1475 υστερος

124 1482 216 1522 ταῖν
245 1475 381 1536 λόγων
401 1487 464 1520 est
485 1481 575 1532 hic,
607 1481 679 1535 qui
690 1475 928 1553 opponitur
958 1484 1015 1539 τῷ
1035 1480 1219 1538 προτέρῳ
1241 1475 1347 1536 leym
1367 1486 1410 1519 et
1430 1480 1469 1531 1,
1493 1482 1567 1530 48,

120 1540 175 1583 4.
204 1538 342 1578 allato.
381 1535 594 1592 Τιμάνδρα
616 1563 671 1569 —-—
690 1536 842 1596 Ἐχέμῳ
868 1541 1095 1580 secundum
1116 1538 1373 1578 Hesiodum
1359 1553 1406 1578 m
1428 1510 1568 1582 schol

130 1595 313 1637 vratisl..
334 1596 396 1635 ad
407 1598 526 1637 Pind.
548 1597 620 1637 XI.
654 1596 732 1652 (X.
743 1596 757 1650 )
783 1601 862 1642 79.
919 1594 1161 1653 Τιμάνδρην
1179 1595 1356 1651 ’Ἔχεμος
1381 1590 1570 1651 θαλερὴν

124 1650 330 1710 ποιήσατ’
350 1652 525 1696 α’κοιτιν.
556 1656 610 1695 c'f.
626 1655 825 1727 Apollod
846 1655 919 1707 III,
946 1660 1021 1706 10,
1046 1659 1108 1699 6.

246 1711 290 1766 5
319 1717 360 1757 2-
400 1711 575 1768 ”Ex-stov
603 1713 698 1753 Ald.
734 1709 931 1769 ’Λρκᾶσιν
956 1714 1086 1767 Mosq.
1112 1713 1237 1764 etiam
1264 1704 1420 1784 postea.
1439 1706 1570 1755 Ἰλίου

131 1768 180 1814 δὲ
202 1793 254 1803 -
274 1771 422 1828 χωρίῳ.
468 1772 528 1812 De
554 1771 619 1811 his
652 1773 703 1812 cf.
722 1773 817 1811 Not.
841 1772 892 1815 ad
912 1771 1072 1810 Hellen.
1091 1785 1135 1824 p.
1153 1762 1253 1816 323.
1286 1765 1570 1824 Ἀγαπήνορος

129 1830 284 1885 κτίσμα
303 1830 572 1882 distinguitur
591 1844 615 1868 a
629 1826 897 1884 Παλαιπάφῳ
920 1844 983 1883 3Ρ.
997 1829 1129 1869 strab.
1141 1829 1255 1880 XIV,
1276 1832 1376 1872 683.
1405 1829 1571 1868 Boeck-

113 1886 229 1929 'hius
247 1901 355 1942 per
363 1888 521 1928 litteras
548 1887 653 1928 mihi
684 1887 923 1938 nunciavit,
961 1887 1009 1926 in
1036 1887 1222 1927 Parisino
1247 1887 1415 1938 codice,
1446 1900 1571 1939 quem

123 1946 345 1987 Bekkerus
378 1952 571 1986 accurate
603 1946 828 1986 contulerit
858 1945 926 2001 (v.
947 1945 1147 1984 Boeckhii
1163 1945 1328 1985 Indices
1344 1942 1570 1985 lectionem

134 2005 235 2044 anni
258 2008 384 2050 1822.
412 2010 455 2044 et
476 2009 601 2050 1823.
623 2019 665 2058 p.
689 2003 757 2058 5.)
786 2019 866 2058 pro
898 2004 1067 2056 vulgato
1096 2003 1143 2045 ἐν
1167 1999 1290 2045 πόλει
1313 1999 1455 2059 Πάφῳ
1486 1999 1569 2056 legi

132 2063 180 2106 ἐν
203 2059 493 2118 Παλαιπάφῳ,
521 2062 648 2116 idque
679 2063 760 2102 sibi
787 2061 958 2130 probari
987 2061 1161 2101 addidit.
1205 2062 1341 2101 Etiam
1368 2062 1414 2100 in
1435 2062 1566 2114 Mosq.

125 2121 282 2164 codice
302 2135 381 2175 pro
405 2119 526 2163 πόλει
553 2121 771 2162 invenitur
800 2115 953 2171 πάλαι,
980 2120 1125 2174 itaque
1155 2134 1244 2159 non
1254 2120 1499 2167 dubitamus
1523 2119 1569 2161 ἕν

136 2176 405 2235 Παλαιπαφῳ
427 2179 619 2219 scribere.
666 2179 806 2232 Neque
832 2179 879 2217 in
899 2179 1013 2218 Facii
1036 2192 1170 2244 neque
1190 2178 1237 2217 in
1261 2177 1454 2217 Clavierii
1474 2171 1567 2217 edd.

123 2251 278 2304 *neque
302 2238 350 2278 in
369 2237 493 2278 huius
518 2237 826 2291 supplementis
845 2237 977 2276 ullum
1000 2230 1123 2277 huius
1144 2236 1275 2276 bonae
1295 2235 1484 2276 lectionis
1506 2241 1568 2274 est

122 2295 365 2348 .vestigium.
398 2296 537 2335 Venus
554 2295 653 2335 inde
673 2296 846 2349 Paphia
867 2295 999 2346 dieta;
1030 2295 1104 2334 sed
1123 2301 1241 2346 sunt,
1274 2295 1347 2348 qui
1374 2294 1568 2335 Venerem

134 2354 350 2408 Paphiam
378 2351 491 2409 παραὶ
520 2351 566 2396 τὸ
586 2349 766 2407 ἆπαφῶ,
803 2371 850 2396 το
879 2350 1040 2405 ἅπαταῖ,
1071 2353 1317 2419 appellatam
1338 2339 1579 2403 11011111,οθ

121 2412 462 2467 ·interpretentur
478 2412 749 2462 fallentem.-
766 2412 913 2452 Graeci
946 2411 1107 2465 antiqui
1137 2425 1190 2450 an
1218 2411 1328 2451 idem
1349 2410 1566 2462 senserint,

135 2485 214 2512 nos
237 2471 398 2523 quidem
422 2470 669 2510 dubitamus.
700 2457 870 2526 Γόλγοις
884 2470 1077 2522 Vulgata.
1116 2469 1288 2523 Scripsi,
1318 2475 1366 2508 ut
1392 2469 1567 2522 Sylbur-

136 2530 227 2582 gius
246 2530 327 2569 iam
342 2529 496 2579 voluit,
522 2531 703 2583 Γολγοῖς.
733 2530 783 2569 de
807 2544 887 2582 quo
902 2528 1029 2582 Cypri
1047 2529 1140 2567 loco
1154 2529 1206 2567 cf.
1215 2527 1423 2566 Theocriti
1435 2527 1566 2566 Adon.

126 2591 239 2632 »100
262 2588 403 2653 ibique
426 2587 584 2640 intrpp.
613 2587 752 2642 Steph.
774 2589 820 2629 B.
853 2593 893 2626 et
914 2586 1110 2627 Bocharti
1133 2587 1229 2626 Can.
1250 2600 1292 2639 p.
1319 2589 1418 2630 372
1458 2585 1568 2638 Aga-

123 2659 272 2700 <panor
298 2646 424 2698 igitur
455 2659 542 2684 non
574 2645 658 2684 fuit
686 2660 894 2686 sacrorum
922 2645 1093 2685 Veneris
1121 2645 1167 2683 in
1190 2645 1326 2697 Cypro
1354 2643 1566 2693 conditor;

147 2702 317 2744 Veneris
343 2705 533 2744 Umniae
544 2705 703 2744 cultum
726 2719 778 2744 ex
801 2704 943 2758 Syriae
963 2703 1063 2743 urbe
1083 2702 1283 2742 Ascalone
1300 2701 1384 2741 11110
1403 2702 1568 2741 illatum

141 2774 250 2813 esse,
279 2762 474 2802 discimus
495 2762 719 2834 ex'Herod.
740 2763 781 2814 I,
808 2763 903 2806 105.
934 2762 1149 2817 Λαγοδίκη
1169 2761 1298 2814 Mosq.
1329 2756 1565 2814 εὐρύχωρον

141 2819 274 2874 Μῦες
316 2816 491 2876 Κύπρου
522 2815 608 2864 ἄπο
637 2820 788 2873 ζαθέας
815 2821 988 2875 Vulgata
1011 2826 1135 2875 atque
1158 2819 1281 2861 etiam
1296 2818 1464 2860 Anthol.
1482 2819 1566 2858 Pal.
