1676 3172
157 250 247 292 272
625 247 1124 306 ADNOTATmNEs

155 366 279 418 φῖδος
300 359 405 406 αὕτα
424 359 677 421 ἱδρύσασθαι
695 365 850 414 παῖδες.
881 365 992 419 quod
1015 379 1252 422 quanquam
1282 368 1478 410 vitiosum
1507 377 1580 422 est,
1611 371 1613 373 ’

153 430 289 462 tamen
311 423 364 463 ad
381 437 528 464 verum
547 423 668 463 ducet
685 424 991 463 inveniendum
1033 427 1144 465 Sane
1157 433 1251 480 post
1270 430 1392 470 τοῦτο
1412 427 1488 482 μὲν
1511 426 1582 468 hic

152 495 258 532 non,
287 487 336 520 ut
367 481 488 533 alibi,
518 482 701 535 sequitur
723 484 845 524 τοῦτο
876 480 942 534 δὲ,
970 483 1042 523 sod
1072 483 1155 524 hoc
1185 499 1272 524 non
1303 491 1364 524 est
1389 486 1436 526 in
1459 486 1579 539 vitio,

152 553 279 592 quum
306 540 515 579 interdum
542 555 620 593 pio
654 543 777 582 τοῦτο
807 539 852 581 δὲ
877 540 1054 594 simplex
1072 540 1118 584 δὲ
1137 543 1318 596 positum
1340 544 1580 598 reperiatur.
1615 544 1617 546 ’

149 611 189 639 v.
212 598 378 637 omnino
401 597 526 652 Soph.
548 599 611 637 Ai.
635 601 719 642 669
741 612 830 651 sqq.
871 614 994 640 τουτο
1026 600 1123 654 μὲν,
1150 602 1407 655 νιφοστιβεῖς
1437 605 1581 656 χειμῶ-

149 671 217 704 νες
245 656 496 710 έκχωροῦσιν
527 652 717 712 εὐκάρπῳ
746 655 883 711 θέρει·
935 656 1135 707 ἐξίσταται
1169 655 1215 699 δὲ
1250 657 1396 710 νυκτὸς
1428 660 1581 714 αἰανῆς

147 710 298 764 κύκλος
326 717 380 772 τῇ
410 713 554 783 ἡμέρα.
612 715 681 754 818
704 721 745 753 et
773 721 917 754 nostro
938 715 1032 755 loco
1061 714 1106 758 δὲ
1127 715 1370 770 simpliciter
1396 717 1581 772 positum

147 772 253 812 infra
274 778 371 826 post
391 768 619 827 Προμάχου
647 773 826 812 refertm
847 773 899 812 ad
919 776 1039 815 τοῦτο
1059 772 1149 839 μὲν.
1190 774 1391 828 Scriptor,
1423 776 1459 816 si
1480 775 1577 822 vul-

146 844 293 881 garem
302 831 475 870 formam
488 831 603 883 sequi
619 831 826 882 voluisset,
844 831 900 870 ita
923 832 1168 886 sc11ps1sset
1199 835 1322 875 τοῦτο
1346 829 1442 888 μέν’
1434 834 1579 890 Αφρό-

143 889 301 959 δίτης
283 904 395 943 ιερον
413 884 632 960 Ἐρυκίνης
651 888 760 930 ἐστὶν
783 889 1016 942 ἐπίκλησιν,
1043 892 1166 932 τοῦτο
1192 889 1238 932 δὲ
1260 889 1488 964 Προμάχου
1507 891 1580 937 καὶ

143 942 402 1015 Ἐχέφρονος
410 945 540 1012 ἡρῷα.
576 943 823 1003 ’Λφροδίτης
853 945 929 1002 μὲν
948 951 1025 989 τοῦ
1045 949 1161 1003 ἱεροῦ
1180 947 1338 1003 ἐρείπια
1364 945 1439 1002 ἐφ’
1455 948 1579 1004 ’ἡμῶν

145 1004 324 1046 ἐλείπετο
355 1001 470 1058 μὸνα.
512 1005 651 1058 itaque
674 1020 759 1045 non
788 1006 1017 1047 audiendus
1050 1013 1111 1046 est
1137 1006 1446 1061 Goldhagenus
1453 1023 1578 1051 τουτο

144 1061 219 1116 μὲν
240 1063 287 1102 in
307 1060 354 1105 τό
376 1061 451 1116 μὲν
473 1065 717 1102 mutandum
740 1078 825 1103 esse
846 1064 998 1104 dicens.
1030 1059 1082 1119 ἧς
1098 1065 1256 1119 ἐρείπια
1274 1065 1384 1105 lutei
1382 1066 1576 1119 918111118-

141 1121 202 1160 ris
232 1117 285 1175 ἧς
314 1125 391 1163 τοῦ
423 1122 538 1176 ἱερου
569 1121 749 1175 ἐρείπια,
779 1128 821 1161 et
851 1118 982 1164 αὐτοῦ
1003 1130 1063 1162 est
1083 1123 1165 1162 lzic.
1205 1123 1397 1163 Deinde
1385 1138 1430 1164 111
1443 1125 1575 1178 Mosq.

140 1179 200 1218 ita
229 1179 382 1235 ἐλέγετο
411 1178 456 1221 δὲ
478 1178 520 1234 ἦ
553 1181 754 1232 Ψωφίδος
784 1175 890 1221 αὕτα
921 1177 1177 1236 ἱδρύσασθαι
1210 1182 1341 1223 παῖδα
1374 1182 1576 1236 scriptum
1648 1238 1649 1242 Ἰ

140 1244 224 1288 est,
255 1238 300 1277 in
334 1252 416 1306 quo
450 1237 551 1277 haec
580 1238 688 1278 bona
719 1239 822 1278 latet
854 1239 995 1278 lectio:
1038 1239 1192 1295 ἐλέγετο
1223 1238 1269 1281 δέ
1300 1238 1345 1282 οἱ
1361 1241 1577 1292 Ψωφῖδος

140 1291 245 1337 miro*
268 1293 522 1351 ἱδρύσασθαι
540 1298 710 1347 παῖδας,
750 1310 854 1350 quae
879 1297 1144 1337 confirmatur
1172 1297 1360 1337 codicum
1376 1298 1575 1339 Clavierii

137 1355 344 1406 scriptura
370 1354 493 1393 modo
501 1356 744 1426 proposita..
776 1351 881 1396 αὕτα
903 1355 1099 1407 vulgatae
1127 1369 1293 1395 assensu
1319 1355 1575 1409 Goldhageni

133 1426 185 1452 ac
203 1412 318 1451 Faeii
341 1412 387 1451 in
410 1408 520 1456 αὐτο
532 1413 705 1452 transire
724 1412 839 1451 iussi.
892 1413 1039 1452 Consti
1041 1413 1218 1452 uctioms
1239 1413 1395 1452 Passivi
1418 1413 1574 1468 λέγεται

137 1484 231 1510 811111
251 1470 496 1510 Accusativo
519 1477 560 1509 et
578 1470 790 1509 Infinitivo
812 1471 1045 1523 exemplum
1066 1471 1187 1510 aliud
1199 1471 1372 1522 legimus
1397 1484 1485 1539 cap.
1498 1476 1570 1522 22,

137 1533 181 1580 1,
214 1528 287 1568 ubi
313 1528 431 1567 etiam
457 1528 586 1568 ermi
615 1529 810 1568 vidimus.
841 1528 946 1567 adde
967 1529 1031 1579 X,
1065 1532 1111 1578 7,
1144 1533 1191 1573 2
1225 1527 1269 1569 ἐν
1301 1531 1363 1584 τῷ
1389 1525 1465 1584 λόγ
1441 1545 1513 1587 γρ)
1524 1527 1572 1583 ’,ω’

136 1584 247 1636 εἰκος
268 1582 455 1641 πρόςεστι
470 1586 656 1638 Vulgata.
689 1586 734 1627 ἐν
755 1586 925 1637 sustuli,
959 1585 1069 1625 idem
1093 1587 1191 1625 fecit
1214 1570 1400 1636 Clavier,
1411 1593 1472 1630 et
1490 1601 1574 1636 vo·

132 1646 297 1685 luerent
316 1644 508 1684 Kuhnius
543 1658 591 1683 ac
609 1644 768 1684 Pacius.
822 1644 962 1684 Simile
991 1644 1143 1684 vitium
1173 1644 1220 1683 111
1249 1616 1430 1684 eiusdein
1454 1632 1572 1686 verbi

133 1703 439 1743 constructione
458 1708 647 1749 notatum
668 1709 729 1741 est
749 1717 838 1756 cap.
853 1707 940 1754 28,
943 1702 983 1746 5.
1005 1705 1080 1754 τῆς
1087 1700 1266 1757 ’Ἐρυκος
1276 1702 1423 1756 Mosq.
1438 1698 1569 1758 Τᾶφω

130 1776 207 1816 pro
231 1757 373 1817 Πάφῳ
391 1767 432 1800 et
459 1762 664 1813 Ψωφίδου
687 1775 766 1826 pro
797 1761 1007 1813 Ψωφίδος.
1017 1761 1139 1812 idem.

246 1818 289 1874 ᾗ.
319 1823 361 1864 4.
419 1815 621 1873 Ἀλκμέων
643 1819 764 1858 etiam
785 1825 929 1872 postea
950 1818 1080 1872 Mosq.
1111 1819 1267 1874 οἴκημα
1287 1834 1384 1865 oute
1401 1819 1566 1876 μεγέθει

131 1876 227 1921 ου’τε
251 1876 383 1927 ἄλλως
403 1876 712 1933 κεκοσμημένον
735 1876 1083 1947 Vulg.coray13s
1089 1876 1351 1918 scribendum
1377 1879 1566 1933 suspica-

128 1923 254 1978 biatur
276 1935 440 2009 μεγέθει
460 1935 579 1991 μέγα,
610 1934 862 1975 Meineckius
884 1942 1020 1974 autem
1034 1928 1083 1974 in
1101 1936 1255 1975 Comm.
1274 1936 1389 1978 Misc.
1405 1937 1520 1977 Fasc.
1531 1936 1563 1979 I.

127 2010 170 2050 p.
191 2000 259 2040 62.
291 1994 392 2049 μέγα
416 1993 602 2049 μεγέθει,
635 2007 811 2047 quorum
833 1993 950 2047 prius
972 1993 1261 2047 praetule1i1n‚
1292 1995 1388 2047 quia
1409 1995 1564 2034 Pausa-

127 2054 218 2094 nias
253 2052 356 2092 haec
393 2058 565 2104 cognata
600 2052 850 2103 coniungens
888 2051 1139 2102 adiectivum
1169 2051 1428 2095 substantivo
1459 2053 1564 2105 solpt

129 2112 386 2163 subiungere.
416 2112 474 2149 De
495 2110 576 2149 hac
597 2109 839 2163 loquutione
862 2109 1098 2148 dicebamus
1120 2110 1172 2148 ad
1192 2109 1243 2160 ΙΙ,
1265 2112 1343 2161 34,
1370 2115 1447 2159 11.
1457 2110 1564 2153 adde

125 2170 241 2221 VIII,
270 2143 346 2220 106,
367 2173 407 2214 3.
437 2168 648 2208 fatendum
669 2174 830 2219 tamen,
854 2165 924 2207 hic
943 2168 1319 2217 necessariam-non
1339 2182 1425 2208 esse
1441 2168 1564 2210 istam

125 2228 438 2268 correctionem.
467 2222 778 2275 κατεσκευάζετο
798 2240 876 2279 pro
898 2221 1180 2275 κατεσκιάζετο
1201 2225 1330 2279 Mosq
1366 2226 1455 2267 Ald.
1478 2227 1562 2268 hoc
1587 2244 1590 2258 ¹

123 2287 201 2326 illo
224 2286 372 2325 melius
396 2298 480 2324 esse
499 2284 694 2324 viderunt
712 2284 1237 2337 Hartungus‚Xy1ande1-,
1268 2284 1491 2325 Amasaeus
1518 2293 1562 2326 et

122 2344 382 2398 SylburgiUS.
411 2342 615 2398 παρθένοι
642 2341 891 2392 inc-aeduae,
927 2343 1111 2380 intactae
1132 2342 1359 2397 interprete
1379 2340 1560 2383 Valcke-

119 2404 238 2444 nario
260 2402 313 2442 ad
330 2401 470 2455 Eurip.
490 2400 614 2454 Hipp.
638 2401 762 2444 1005
794 2412 1036 2470 συνωκησεν
1057 2420 1117 2429 -·-
1137 2401 1332 2454 θυγατρί·
1360 2400 1488 2441 Hoc
1475 2415 1559 2450 iam

119 2462 189 2512 VI,
216 2464 283 2512 17,
305 2462 347 2504 4.
377 2460 579 2511 tetigerat.
603 2454 727 2499 ου’δὲν
749 2457 901 2513 ἐγίνετο
923 2456 953 2512 ἦ
970 2452 1109 2506 νόσος
1117 2457 1223 2515 ραον
1246 2457 1366 2512 Vulg.
1398 2459 1557 2513 Scripsi

117 2516 256 2587 ῥἀων,
293 2517 406 2572 quod
436 2518 518 2557 iam
549 2516 767 2569 Sylburgio
799 2515 945 2554 melius
982 2515 1120 2555 visum
1152 2521 1223 2555 est.
1289 2516 1357 2556 Sic
1384 2517 1553 2583 πλείων,

117 2574 300 2620 ἐλασσων
319 2578 471 2624 νοῦσος
487 2575 533 2614 111
555 2575 648 2614 adn.
672 2575 725 2613 ad
747 2587 834 2627 cap.
857 2577 926 2618 22.
949 2581 1053 2612 extr,
1094 2574 1191 2613 Post
1222 2561 1407 2616 διδασκει
1440 2574 1555 2614 11181-

118 2636 267 2676 dimus.
288 2631 444 2688 ἤτιςκ.
441 2648 474 2674 τ.
489 2636 523 2674 λ.
547 2631 648 2672 haec
671 2638 732 2671 est
758 2631 1044 2685 interpretatio
1069 2631 1248 2683 oraculi,
1284 2631 1403 2671 cuius
1424 2633 1554 2673 verba

116 2696 208 2763 ipsa
229 2693 353 2746 paulo
375 2690 606 2731 accuratius
627 2690 748 2734 nobis
773 2689 952 2729 servavit
969 2689 1232 2742 Thucydides
1253 2688 1312 2741 11,
1341 2693 1438 2734 102.
1468 2706 1518 2745 τη
1514 2688 1553 2733 ’ν

114 2748 350 2819 πρόςχωσιν
377 2752 455 2791 τοῦ
480 2744 680 2819 Ἀχελωου
701 2746 963 2801 Thucydides
992 2747 1144 2786 ibidem
1167 2747 1297 2800 dixit,
1329 2747 1402 2787 ubi
1429 2748 1552 2788 etiam

117 2810 140 2855 ὁ
156 2805 340 2863 ποταμός
364 2811 538 2862 προςχοῖ
556 2801 630 2850 οἷεί.
662 2808 721 2848 Cf,
742 2820 842 2847 mox
859 2804 902 2859 5
919 2807 959 2850 5.
1001 2806 1082 2847 Pro
1102 2776 1348 2847 Prouomine
1374 2806 1548 2848 relativo
