1682 3172
20 306 26 309 ,
104 263 138 308 6
569 256 1103 309 ΔΒΝΟΤΔΤΙΟΝΕ8

109 376 292 432 scripsit.
330 375 465 431 Λίχας
482 373 528 420 δὲ
544 390 595 435 ,κ
606 393 640 420 τ.
664 379 721 420 λ.
730 377 796 427 De
813 375 987 419 nomine
1002 376 1136 431 Λίχας
1154 374 1388 416 dicebamus
1407 373 1545 427 adm,

110 440 152 488 3,
176 440 215 480 5
246 435 496 490 εἰργομένων
519 457 581 467 -
608 420 966 503 Λακεδαιμονίων.
1031 434 1203 476 Causam
1234 433 1360 474 liuius
1385 434 1447 475 rei
1474 434 1546 474 in-

111 495 225 537 dicat
253 493 516 565 Thucydides
544 493 605 546 V,
635 497 705 546 49,
737 495 830 566 qui
840 495 902 535 ita
935 494 1058 535 dicit:
1111 489 1442 566 Λακεδαιμόνιοι
1470 493 1549 535 τοῦ

114 552 174 608 Ῑερ
177 555 229 594 οὗ
245 549 329 594 ’ὅπὸ
345 547 518 597 Ἠλείων
545 551 771 608 ειρχθησαν
794 549 897 595 ωστε
919 570 976 608 μη
998 548 1125 595 θύειν
1150 548 1250 607 μηδ’
1272 550 1551 607 ἀγωνίζεσθαι

114 610 252 665 (idem
269 610 399 650 habet
417 612 639 662 Pausanias
656 611 738 663 111,
760 615 811 663 8,
835 608 912 666 2.)
933 618 973 651 et
989 612 1117 651 refert
1134 610 1217 651 hoc
1239 611 1290 651 ad
1314 609 1549 664 Olympiad.

109 671 206 723 XC,
240 671 278 713 1.
310 668 379 717 ἐπὶ
393 691 454 702 --
470 665 628 724 δήμου·
664 669 774 711 hanc
796 670 848 710 ob
866 684 954 710 rem
974 665 1244 725 οἷνεκηρύχθη
1263 671 1460 720 Βοιωτων
1478 668 1551 722 δη-

111 723 280 785 μόσιον,
310 733 360 768 ut
368 728 438 772 ait
452 728 717 783 Thucydides
738 729 768 773 1.
792 742 827 769 e.
861 725 935 772 τδν
956 726 1002 770 δὲ
1019 752 1075 760 --
1096 730 1246 786 ταινία.
1286 718 1571 801 '.['hu‹=.>‘⁷di‹vles⁴

114 787 166 827 de
185 785 328 826 Liclza
347 786 428 827 sic:
467 785 689 858 προελθων
715 787 758 838 ἐς
786 784 857 830 τὸν
885 783 1044 861 αγαῖνα
1061 771 1244 840 ἆνέδησε
1268 783 1338 829 τὸν
1364 780 1551 842 ἡνίοχον,

113 840 378 900 βουλόμενος
391 843 654 917 δηλῶσαι,”’
617 862 676 888 οτι
699 844 852 888 ἑαυτοῦ
870 839 927 900 ἦν
950 843 996 890 τὸ
1016 841 1138 914 ἅρμα.
1156 857 1280 899 quam
1301 844 1352 889 ob
1372 857 1553 895 causam,

113 904 225 945 idem
244 903 383 955 addit,
414 903 459 946 ἐν
480 920 536 946 τω
566 907 697 959 αγῶνι
721 901 806 947 υπὸ
828 907 914 946 τῶν
941 899 1187 959 ῥαβδούχων
1204 900 1380 977 πληγας
1386 902 1553 957 ἔλαβεν·

114 976 192 1019 pro
210 976 292 1016 quo
307 961 456 1004 Noster
478 947 588 1002 dixit
615 961 682 1005 ἐπὶ
705 958 839 1021 τούτῳ
866 964 1136 1018 μαστιγοῦσιν
1160 957 1288 1004 αυτδν
1313 962 1356 1004 οἱ
1367 959 1556 1004 Ἑλλανο·

117 1021 240 1064 δίκαι.
302 1020 369 1060 An
392 1035 492 1062 vero
516 1020 777 1075 Thucydidis
808 1007 1035 1077 ῥαβδοῦχοι
1064 1026 1104 1060 et
1120 1016 1347 1061 Pausaniae
1369 1018 1556 1062 Ἑλλανο-

117 1080 231 1122 δίκαι
260 1077 388 1120 iidem
415 1078 591 1131 fuerint,
623 1080 737 1134 quod
756 1079 810 1120 ad
829 1078 1087 1134 Thucydidis
1110 1079 1250 1120 locum
1275 1078 1469 1122 contendi
1487 1077 1556 1119 vi-

118 1138 218 1189 deo,
249 1137 353 1178 mihi
384 1138 551 1192 quidem
573 1152 661 1178 non
677 1138 838 1207 liquet,
870 1153 1001 1192 quum
1026 1153 1050 1177 a
1071 1139 1242 1179 Polluce
1261 1137 1339 1188 III,
1373 1151 1471 1191 cap.
1484 1139 1555 1187 30,

116 1200 159 1241 2.
190 1197 437 1268 βραβευταὶ,
468 1192 762 1267 μαστιγονὸμοι
777 1203 818 1237 et
843 1198 1070 1253 ῥαβδοῦχοι
1099 1196 1299 1250 distingui
1320 1195 1557 1236 videantur.

116 1252 190 1297 καὶ
219 1252 289 1297 διοῖ
317 1250 603 1309 τὸν-μαχη.
635 1256 694 1295 Cf.
715 1254 774 1307 V,
795 1260 874 1307 20,
895 1261 935 1299 2.
963 1256 1042 1307 111,
1067 1259 1175 1308 8,2.
1193 1252 1317 1310 ’Ἆγιν
1336 1254 1460 1308 Vulg.
1486 1269 1560 1296 κα-

116 1312 405 1362 ταπαυθὲντος
428 1312 627 1366 Vulgata,
658 1313 1022 1363 καταπαυσθέντος
1044 1314 1173 1366 Mosq.
1207 1315 1258 1352 cf.
1290 1313 1341 1353 de
1370 1311 1452 1354 hac
1479 1326 1559 1352 va·-

117 1371 264 1418 rietate
293 1371 346 1410 ad
369 1371 439 1423 Π,
455 1376 536 1422 22,
568 1375 608 1415 9.
638 1372 732 1412 adn.
761 1369 838 1426 τήν
863 1369 982 1426 *μὲν
1009 1375 1031 1395 *
1058 1367 1199 1413 εἰκόνα
1227 1371 1388 1411 Clavier
1415 1366 1558 1421 edidit,

119 1429 194 1470 sed
226 1429 272 1469 in
309 1429 397 1469 eius
438 1430 630 1479 versione
670 1431 836 1470 nullum
870 1437 935 1470 est
957 1430 1138 1470 lacunae
1173 1429 1405 1482 vestigium.
1475 1429 1558 1469 Pro

121 1487 282 1562 ἔστησε,
314 1487 432 1542 quod
457 1489 511 1529 ad
532 1480 702 1528 Licham
725 1490 923 1541 refertur,
956 1488 1098 1543 ἕστηκε
1125 1494 1188 1528 est
1209 1488 1255 1528 in
1277 1487 1406 1542 Mosq.
1459 1486 1560 1528 Mox

118 1545 192 1596 καὶ
206 1561 283 1601 pio
306 1545 424 1599 φασὶ
428 1546 537 1587 idem
559 1546 695 1601 habet.
747 1548 829 1588 Sed
848 1546 960 1588 hoc
947 1562 1037 1602 ipso
1059 1545 1163 1599 φασὶ
1181 1546 1404 1586 Pausanias
1427 1545 1560 1599 signi-

119 1605 241 1656 fleat,
273 1618 317 1644 se
347 1619 434 1649 non
455 1606 606 1672 ipsum
615 1606 769 1659 vidisse
796 1612 837 1646 et
860 1606 1007 1659 legisse
1034 1605 1108 1645 illa
1126 1600 1301 1647 Ἠλείων
1329 1620 1561 1660 γραμματα,

122 1662 196 1704 sed
217 1669 381 1703 tantum
401 1663 541 1718 quid
528 1679 575 1721 111
594 1663 644 1705 iis
661 1665 865 1719 scriptum
886 1670 990 1705 esset
1015 1678 1067 1704 ex
1092 1663 1184 1703 aliis
1209 1663 1437 1717 audivisse.
1477 1661 1560 1705 hoe

122 1728 262 1785 autem
280 1729 441 1776 pugnat
468 1718 563 1763 cum
587 1722 678 1762 aliis
708 1723 812 1763 locis
839 1723 950 1764 clare
975 1722 1280 1774 indicantibus,
1310 1735 1404 1763 eum
1423 1721 1563 1777 ipsum

124 1776 208 1821 suis
244 1781 379 1820 oculis
415 1776 492 1820 hos
525 1781 912 1836 Olympionicarum
949 1788 991 1821 et
1027 1781 1325 1835 Olympiadum
1359 1782 1564 1834 catalogos

123 1840 407 1910 perlustrasse.
474 1838 571 1880 Huc
604 1840 816 1895 pertinent
844 1841 1103 1892 III,21,1
1140 1837 1210 1882 τὸν
1250 1838 1296 1882 δὲ
1337 1835 1572 1895 ὁμώνυμον.

124 1893 256 1940 τούτω
277 1919 336 1928 ·-·
348 1893 510 1952 Ἀχαιὸν
537 1898 578 1949 ἐξ
597 1899 749 1956 Αἰγίου
781 1898 914 1954 φησὶν
935 1895 1041 1941 εἶναι
1066 1897 1138 1940 καὶ
1167 1914 1222 1940 τα
1243 1898 1285 1948 ἐς
1308 1893 1565 1970 Ὀλυμπιονί-

124 1972 201 2006 κας
218 1940 388 1998 Ἠλείων
409 1972 640 2028 γοαμματα.
670 1957 728 2008 V,
760 1960 809 2008 4,
841 1960 882 2002 4.
910 1955 960 1999 τοὶ
983 1953 1152 1999 Ἠλείων
1175 1972 1398 2027 γραμματα
1417 1952 1565 2029 ἀρχαῖα

126 2014 169 2065 ἐς
187 2014 341 2084 πατέρα
361 2014 588 2086 ὄμωνυμον
609 2011 749 2084 ανῆγε
755 2031 828 2058 τον
836 2014 1008 2068 Ἴφιτον.
1039 2015 1116 2066 VI,
1147 2019 1226 2066 22,
1251 2019 1292 2059 2·
1321 2011 1472 2064 ταύτας
1491 2030 1566 2064 τας

124 2068 402 2142 Ὀλυμπιαδας
418 2095 478 2104 --·
494 2069 847 2143 Ἀνολυμπιᾷδας
842 2075 885 2117 οί
901 2071 1050 2116 Ἠλεῖοι
1079 2076 1324 2123 καλοῦντες
1319 2069 1372 2116 ου’
1391 2077 1503 2127 σφᾶς
1520 2073 1567 2116 ἐν’

126 2128 333 2190 καταλόγῳ
354 2134 439 2174 τῶν
460 2127 749 2187 Ὀλυμπιάδων
769 2129 1014 2190 γράφουσιν.
1045 2130 1229 2183 addeX,
1250 2136 1329 2184 36,
1355 2135 1397 2207 4.
1456 2131 1567 2172 Hinc

127 2190 246 2230 nobis
266 2190 455 2231 nascitur
478 2191 678 2260 suspici0,
706 2206 784 2246 pro
804 2191 906 2244 φασὶ
925 2190 1146 2244 legendum
1167 2205 1251 2230 esse
1275 2190 1400 2245 φησὶ,
1427 2197 1478 2231 ut
1495 2201 1566 2231 re-
1591 2232 1594 2236 ,

129 2250 285 2291 feratur
324 2250 377 2290 ad
403 2265 455 2291 τα
483 2265 721 2305 γραμματα,
764 2256 806 2290 et
838 2254 949 2304 σχεῖν
971 2244 1218 2317 νενικηκότα
1245 2249 1567 2304 interpretemur

128 2306 403 2361 νενικηκέναι.
437 2322 559 2361 quem
578 2307 848 2361 graecismum
867 2307 1076 2361 tetigimus
1097 2307 1143 2348 in
1165 2308 1258 2347 adn.
1282 2309 1335 2348 ad
1350 2309 1406 2360 V,
1431 2311 1507 2359 13,
1525 2311 1566 2352 3·

130 2365 375 2483 ἕσι1εὲθρθ
399 2366 669 2477 ᾱεῐίἷίιναῖιὲηι
682 2381 865 2477 gssxeflff
887 2366 991 2477 (pago).
1007 2373 1219 2471 21iot3118n14
1187 2373 1259 2407 est.
1292 2367 1344 2408 cf.
1368 2380 1413 2410 c.
1439 2369 1506 2420 19,
1525 2370 1566 2411 3·

324 2431 428 2465 extr.
896 2430 922 2471 3
1144 2453 1159 2476 ,
1190 2430 1231 2470 4.

248 2480 300 2536 5.
319 2487 361 2527 2
421 2484 501 2524 Pro
529 2483 573 2525 ἐκ
593 2490 688 2524 ante
705 2500 790 2526 των
807 2480 1024 2556 Ἰαμιδων“
1013 2499 1057 2524 m
1073 2484 1203 2556 Mosq.
1225 2489 1266 2524 et
1283 2482 1469 2523 Parisino
1491 2495 1567 2522 co-
1633 2500 1635 2503 ’

134 2538 226 2581 dice
256 2555 377 2594 quem
403 2541 614 2582 Bekkerus
644 2542 845 2593 contulit,
878 2549 939 2587 est
969 2558 1036 2584 αει
1058 2538 1203 2584 ἆνέον·
1242 2542 1290 2582 in
1313 2554 1395 2594 qua
1415 2541 1568 2595 depra-

132 2599 299 2639 vatione
321 2614 395 2639 vei
398 2613 443 2639 ae
466 2593 658 2641 lectionis
682 2601 853 2653 vestigia
873 2601 1067 2652 videmur
1096 2599 1419 2671 deprehendere,
1461 2599 1568 2640 scri-

133 2657 316 2696 bendum
341 2659 449 2697 enim
472 2659 774 2707 existimamus:
814 2648 968 2708 Ἠλεῖος
993 2655 1306 2727 Θρασυβουλος
1302 2657 1458 2699 Αἰνέου
1483 2673 1569 2701 των

134 2710 339 2773 Ἰαμιδῶν·
382 2717 451 2756 Sic
475 2716 612 2757 haec
600 2733 691 2773 ipsa
716 2719 913 2771 leguntur
932 2718 1045 2769 vm,
1075 2721 1151 2768 10,
1177 2717 1218 2761 4.
1249 2731 1394 2771 μαντις
1413 2712 1570 2767 Ἠλεῖος

139 2769 430 2830 Θρασύβουλος
449 2774 604 2819 Αἰνέου
635 2793 719 2819 των
736 2773 935 2852 Ἰαμιδων.
975 2790 1109 2830 neque
1127 2774 1204 2818 ἐκ
1191 2789 1236 2815 111
1257 2774 1410 2814 talibus
1433 2775 1570 2815 usita-

138 2838 230 2872 tum
253 2838 325 2872 est.
355 2833 451 2873 vide
472 2834 566 2875 adn.
594 2835 648 2876 ad
665 2836 704 2889 1,
732 2834 854 2889 34,*'
829 2853 869 2881 ο.
899 2834 1046 2876 Paucis
1072 2834 1216 2876 diebus
1241 2839 1463 2890 postquam
1487 2832 1570 2874 hoc
