1676 3172
758 51 784 70 ι

289 277 294 280 .
358 239 441 281 ΑΙ)
469 239 580 281 LIB.
614 237 729 279 V111.
793 237 920 279 CAP.
961 237 1094 277 XXII.
1127 235 1284 282 XXIII.
1447 239 1534 281 265

108 358 194 412 qm
186 352 354 399 fluvius
374 354 672 412 intelligendus
684 355 741 395 sit
758 360 871 409 patet
892 368 914 394 e
934 352 976 407 5.
991 357 1033 398 8.
1061 353 1208 392 Pacius
1228 358 1351 393 voees
1371 357 1535 393 tantum

34 410 35 413 Ἰ
63 415 65 420 ’
107 413 157 467 Q
173 415 285 459 ἔθην
302 415 430 455 deleri
446 413 601 465 voluit,
632 419 674 453 et
689 413 844 453 delevit
865 411 1037 452 Clavier.
1074 412 1157 450 Nos
1173 425 1304 451 uncos
1319 417 1439 451 antea
1455 411 1537 450 ad-

108 471 264 515 Bibisse
297 473 563 523 retinuimus,
603 472 773 511 excluso
810 477 949 510 tamen
983 469 1152 509 nomine
1185 470 1380 523 proprio,
1417 475 1458 508 et
1491 464 1538 518 ’ὅς

92 531 220 577 ‚lom
237 531 353 571 abest
372 546 396 571 a
415 530 508 570 cod.
529 533 657 575 1399.
682 526 848 585 βάθρον
870 543 947 582 plo
971 523 1191 595 βάραθρον
1209 527 1340 580 Mosq.
1374 527 1469 567 Ald.
1496 526 1540 576 ἐς

104 589 270 646 ημέραν
292 590 461 630 videtur
490 602 580 628 esse
613 590 730 628 intra
758 601 889 626 unum
915 585 1036 624 diem.
1077 581 1314 640 ἐξήραντο,
1319 586 1539 635 ‚Numerus

106 647 284 703 pluralis
314 647 387 687 hic
414 661 587 701 prorsus
616 646 772 686 alienus
799 651 873 684 est.
923 644 1196 684 Scribendum
1217 657 1303 683 esse
1318 639 1540 698 ἐξηράνθη

100 717 351 765 persuasum
367 704 511 747 habeo.
515 707 542 728 “
566 705 735 754 Facius,
759 709 878 756 atque
895 702 954 741 ita
971 702 1137 756 scripsit
1150 702 1323 741 Clavier.
1357 698 1541 754 Corayus

109 763 252 804 addit:
268 759 539 830 ,,ἐξηρανθη,
556 762 790 802 correction
812 762 861 800 de
873 761 1033 811 Facias,
1055 774 1109 799 au
1129 760 1214 799 lieu
1238 760 1277 798 d‘
1300 757 1541 814 ἐξήραντο.“

111 822 325 876 Corayus'
311 835 403 879 ipse
427 821 618 861 coniicit:
648 817 832 875 ἐξήρατο.
866 819 932 858 An
951 833 1053 858 vero
1075 814 1274 872 ἐξήραντο
1292 825 1352 857 est
1368 817 1542 871 pluralis

32 919 46 939 e
109 880 336 920 numerus?
369 879 471 919 mihi
484 879 652 919 videtur
668 892 751 917 esse
766 877 984 930 singularis
1004 876 1408 944 plusquamperfecti.
1435 876 1543 914 Nota

111 944 175 978 est
202 939 337 978 forma
362 937 579 990 singularis
615 936 779 976 numeri
811 935 986 989 perfecti
1015 934 1211 987 temporis
1241 930 1458 988 ἐξήρανται
1490 946 1543 972 ex

110 996 322 1049 evangelio
339 995 470 1036 Marci
489 996 569 1046 IX,
596 999 676 1046 21,
705 994 780 1033 ubi
803 1001 884 1033 est.
913 992 945 1048 ἦ
965 996 1071 1046 συκῆ
1092 989 1330 1047 ἐξήρανται·
1371 992 1543 1031 eandem

111 1053 360 1095 confirmant
381 1053 638 1094 Phavorinus
661 1059 702 1092 et
725 1052 890 1091 Scholia
920 1051 972 1090 ad
993 1051 1204 1104 Aristoph.
1228 1051 1337 1090 Plut.
1359 1051 1458 1095 635.
1488 1050 1541 1090 cf.

70 1140 73 1142 -
94 1111 324 1157 ‘Mauhiaei
345 1109 671 1165 Gramm.gr.§.
695 1115 790 1155 184.
825 1110 930 1149 adde
951 1110 1123 1148 similem
1140 1110 1316 1149 formam
1336 1107 1546 1161 πέφανται

111 1184 166 1210 ex
195 1171 316 1211 Hom.
343 1170 462 1210 Iliad.
483 1170 541 1222 ΙΙ,
566 1174 663 1213 122.
711 1170 880 1208 Sensus.
922 1170 1056 1207 omnis
1085 1169 1131 1205 in
1161 1181 1304 1219 campo
1337 1174 1544 1220 stagnans

112 1243 230 1282 aqua
248 1230 409 1267 siccata
428 1235 529 1267 erat.
558 1244 637 1281 την
657 1224 803 1281 ἕορτῆν
822 1227 1032 1279 φιλοτιμία
1051 1224 1185 1267 πλέον
1199 1223 1348 1280 αγουσι
1357 1225 1543 1292 Vulgata.

105 1286 271 1340 >Kuhnii
294 1285 591 1326 correctionem
612 1285 755 1326 πλέονι
773 1291 891 1323 antea
912 1284 1062 1337 lecepi.
1093 1285 1163 1322 Sic
1185 1297 1272 1336 cap.
1291 1287 1342 1333 7,
1364 1287 1408 1327 3.
1435 1277 1545 1323 θαύ-

112 1360 241 1399 ματος
268 1343 456 1393 πλέονος.
502 1344 746 1412 Hippocrat.
778 1342 934 1395 Aphor.
958 1342 1055 1392 VII,
1091 1344 1160 1385 68
1201 1341 1353 1383 πλείων
1366 1343 1544 1390 νοῦσος,

114 1401 188 1441 cui·
202 1402 433 1455 opponitur
462 1397 660 1443 ἐλάσσων.
703 1401 900 1439 Similiter
922 1395 1076 1447 ου’δὲν
1063 1413 1109 1438 ln
1127 1395 1278 1440 οὐδένα
1297 1398 1544 1438 mutandum

112 1459 197 1500 fuit
211 1459 299 1512 Vll,
326 1463 395 1510 19,
419 1463 459 1503 2.
501 1460 582 1499 Sed
600 1459 715 1510 VIII,
739 1462 809 1508 24,
831 1463 871 1502 4.
901 1464 959 1496 est
981 1456 1106 1499 πλέον
1129 1456 1400 1508 ἐξοκέλλουσι,
1432 1456 1547 1510 quod

98 1532 199 1558 ,11011
216 1532 295 1572 pro
312 1518 482 1567 πλέονες
503 1517 688 1571 positum
704 1490 887 1555 ’videtum
916 1516 964 1554 In
983 1522 1125 1555 nostro
1144 1516 1237 1554 loco
1258 1516 1348 1554 est
1335 1530 1362 1556 1.
1385 1530 1424 1584 q.
1447 1518 1546 1567 μᾶλ-
1554 1536 1557 1539 -

114 1579 190 1617 λον
218 1582 260 1615 et
290 1580 421 1627 φιλοτ.
453 1579 520 1644 nL.
554 1575 582 1614 i.
612 1590 652 1628 q.
686 1572 1014 1629 φιλοτιμοτέρως.
1050 1574 1115 1625 Χ,
1149 1577 1227 1624 23,
1256 1577 1306 1618 8·
1356 1576 1408 1633 τῇ
1435 1572 1553 1615 αἰδοῖ

114 1629 288 1678 πλέον’
260 1638 435 1688 αφεῖναι
452 1631 529 1690 τήν
549 1629 705 1688 ψυχήν.

498 1828 540 1879 c
573 1828 696 1879 ΑΡ
732 1829 784 1878 U
817 1828 864 1879 T
935 1814 1164 1878 xxm.

233 1921 275 1978 5.
308 1928 372 1968 1.-
405 1924 560 1964 Urbem
588 1925 746 1964 Aleam
773 1922 1030 1963 Dodwellius
1059 1921 1117 1973 II,
1151 1925 1192 1966 2.
1223 1936 1265 1975 p.
1296 1924 1396 1966 319.
1423 1921 1548 1962 Sickl.

117 1982 355 2037 suspicatur
384 1982 496 2023 inter
515 1982 820 2022 Orchomenum
850 1987 891 2020 et
918 1982 1055 2021 lacum
1081 1980 1386 2034 Stymphalium
1413 1981 1548 2020 fuisse.

119 2042 168 2080 G.
196 2041 354 2080 Gellius
367 2071 377 2091 ,
408 2055 535 2095 quum
551 2041 599 2080 in
618 2041 688 2093 via
709 2055 734 2079 a
752 2041 846 2079 lacu
865 2040 944 2078 isto
960 2053 1104 2078 versus
1121 2038 1331 2078 meridiem
1354 2053 1551 2078 consum-

119 2099 239 2146 sisset
262 2100 424 2138 tertiam
445 2099 571 2139 horae
600 2105 760 2153 partem
768 2129 780 2149 ‚
809 2098 869 2136 ita
889 2098 1025 2152 pergit
1049 2110 1217 2137 narrare
1234 2097 1280 2136 in
1302 2098 1394 2137 ltin.
1418 2098 1465 2137 of
1478 2097 1550 2136 the

101 2157 258 2197 ,Μαι-εει
285 2171 329 2210 p.
353 2161 449 2201 168.
479 2157 667 2210 „having
697 2157 900 2196 ascended
923 2156 1030 2195 from
1060 2155 1132 2194 the
1160 2155 1283 2194 south
1306 2156 1392 2194 side
1415 2156 1463 2194 of
1475 2154 1551 2199 the

117 2215 234 2267 lake,
261 2215 438 2255 descend
458 2216 548 2254 into
568 2215 641 2255 the
660 2216 800 2267 valley
822 2214 869 2252 os
885 2213 1092 2264 Skoteini‚
1123 2213 1215 2252 and.
1231 2213 1319 2253 find
1339 2213 1411 2252 the
1428 2213 1549 2252 walls

120 2274 168 2312 of
196 2287 251 2312 an
273 2274 439 2312 ancient
462 2273 568 2325 city,
599 2273 802 2326 probably
819 2272 940 2312 Alea.
948 2274 975 2294 “
1006 2272 1224 2326 συνεδρίου
1242 2293 1303 2302 -
1322 2271 1394 2312 καὶ
1426 2267 1548 2325 αὐτή.

118 2331 240 2384 Vulg.
262 2331 551 2382 corrigendum
561 2331 708 2385 putavi
726 2331 796 2372 καὶ
816 2327 932 2381 αὕτη.
961 2330 1020 2368 Ut
1037 2331 1143 2368 enim
1131 2288 1420 2383 QStymphalus
1441 2328 1550 2383 (cap.

120 2387 285 2443 22,1.)
309 2389 367 2428 ita
392 2395 432 2427 et
452 2388 553 2428 haec
570 2389 669 2428 urbs
688 2389 895 2442 particeps
913 2387 1038 2427 huius
1062 2388 1224 2427 consilii
1242 2388 1365 2428 fuisse
1385 2387 1550 2428 dieitur.

120 2448 339 2502 συνεδρίου
358 2449 435 2488 τοῦ
450 2443 684 2502 Ἀργολικοῦ
703 2446 880 2502 μετέχειν
901 2446 927 2485 i.
948 2461 986 2499 q.
1018 2445 1060 2494 ἐς
1089 2443 1134 2487 τὸ
1153 2441 1390 2499 Ἀργολικόν
1416 2458 1553 2488 συντε-

118 2510 209 2548 λεῖν
240 2519 312 2544 seu
343 2508 451 2546 τελε
432 2521 472 2545 ιν
508 2518 596 2558 cap.
618 2509 697 2555 22,
721 2510 759 2548 1.
790 2504 867 2552 VI,
890 2508 957 2548 12.
981 2503 1057 2542 sub
1080 2503 1151 2543 fin.
1201 2503 1294 2542 Hoc
1314 2503 1553 2556 synedrium

120 2564 374 2618 Argolicum
404 2570 655 2602 memoratur
686 2564 805 2602 etiam
829 2561 986 2612 1V‚5‚
1025 2565 1071 2613 1,
1107 2561 1180 2600 ubi
1202 2562 1421 2601 Strabonis
1433 2563 1552 2602 locus

122 2620 208 2661 huc
230 2622 438 2675 pertinens
458 2621 541 2660 iam
551 2621 765 2660 'indicatus
788 2635 827 2659 es
833 2627 859 2658 t.
887 2616 1025 2660 Ἀλεον
1045 2642 1104 2650 -
1120 2616 1309 2673 οἰκιστήν
1330 2619 1553 2660 confirma-

122 2685 194 2719 tm·
213 2679 280 2719 his
302 2678 499 2733 Stephani
520 2679 594 2731 By.
629 2679 784 2718 verbis:
830 2678 855 2719 0‘
885 2678 1053 2730 πολίτης
1079 2673 1213 2726 Ἀλεὸς
1237 2674 1470 2732 ὁμοφώνως
1493 2681 1554 2734 τῷ

126 2733 298 2794 οἶκιστῇ.
320 2751 414 2789 ergo
437 2751 511 2791 pei
512 2750 650 2790 peram
666 2737 710 2775 in
723 2738 849 2788 Mosq.
872 2732 942 2776 &Le
946 2751 994 2776 ον
1007 2742 1047 2774 et
1060 2733 1102 2790 5.
1111 2740 1152 2780 3.
1178 2733 1307 2785 αλεως
1325 2751 1403 2790 pro
1411 2725 1553 2777 Ἀλεοῦ

126 2795 288 2850 legitur.
317 2795 537 2850 ἐλέφαντος
567 2809 644 2850 pro
664 2790 926 2849 Ἀφείδαντος
949 2794 1079 2848 Mosq.
1118 2793 1250 2836 Alea-s
1271 2793 1553 2850 Apheidantu
