1676 3172
149 233 236 276 304
590 231 1122 276 *ADNOTATIONES

147 349 188 390 4.
223 347 318 402 (ubi
340 362 380 388 v.
401 346 585 404 intrpp.)
617 355 658 389 et
690 349 837 390 strabo
855 349 896 403 1,
927 350 1007 404 57,
1036 355 1081 393 et
1107 351 1276 395 omnino
1300 349 1575 393 conferendus

146 405 303 446 Plinius
321 406 381 459 11,
402 410 472 453 89.
492 422 537 463 p.
562 411 658 453 186.
676 409 769 463 Bip.
1276 413 1286 423 ⁵
1427 399 1445 441 ἱ

501 603 544 654 c
579 603 627 655 A
661 605 702 655 P
737 605 788 655 U
822 604 870 656 T
940 581 1238 664 xxxms

268 697 375 738 Viae
395 712 442 738 ex
461 699 720 753 ,Megalopoli
741 715 872 755 usque
894 701 948 741 ad
970 715 1057 755 cap.
1079 703 1157 752 44,
1184 705 1222 745 1.

258 754 301 809 §.
335 761 374 799 1.
435 758 552 799 Θεῶν
589 757 678 814 ἱεροὶ
710 774 787 812 pro
819 764 866 801 θ.
901 757 1010 815 ἱερὸν
1040 759 1172 813 Mosq.
1202 758 1275 799 sed
1305 755 1406 812 §.2
1435 750 1575 799 est‘oti

143 809 290 868 πόρῤὼ
309 818 388 856 τοῦ
407 815 534 870 ἱεροῦ.
564 817 644 856 Pro
663 818 831 869 vulgato
850 818 968 859 δοκεῖ
985 816 1030 859 δέ
1051 834 1123 871 μοι
1142 816 1407 857 scribendum
1424 815 1575 859 est-Bo—

143 875 233 913 κεῖν
254 870 300 913 δέ
318 884 407 927 μοι·
439 874 499 912 sic
521 875 631 914 enim
651 876 756 915 solet
775 876 997 916 Pausanias
1017 875 1146 930 loqui.
1178 875 1231 916 cf.
1252 888 1340 930 cap.
1357 873 1435 926 35,
1456 876 1575 928 22&

146 930 240 969 adn·
263 929 316 969 ad
336 931 396 983 II,
418 934 492 982 14,
517 936 557 975 2.
588 946 719 985 φασιν
739 933 852 974 deest
869 934 913 973 in
933 934 1061 987 Mosq.
1613 967 1615 970 s

258 986 303 1041 §·
333 993 374 1033 2-
431 985 642 1045 Ἔπίθημα
661 1008 697 1033 κ.
718 1007 753 1034 τ.
776 995 810 1034 λ.
865 992 1130 1032 constructio
1152 997 1231 1031 est:
1272 988 1366 1046 ἔχον
1386 987 1575 1044 ἐπίθημα

145 1040 348 1088 δάκτυλον
362 1062 457 1089 πεπ.
479 1049 615 1091 λίθου.
646 1050 725 1089 Pro
744 1051 856 1103 vulg.
875 1047 1010 1106 τούτῳ
1033 1057 1094 1090 est
1109 1053 1232 1092 τοῦτο
1250 1049 1298 1089 in
1313 1046 1446 1101 Mosq.
1463 1044 1574 1101 ’Ἀκη

144 1103 302 1152 distant
318 1119 342 1144 a
362 1108 570 1161 Κρουνοῖς
581 1139 592 1158 ,
624 1108 695 1160 qui
717 1115 816 1148 sunt
834 1123 869 1148 c.
887 1109 959 1160 85,
979 1113 1028 1160 7,
1062 1108 1187 1148 unius
1205 1107 1331 1147 horae
1351 1113 1394 1146 et
1414 1104 1576 1146 dimidii

143 1162 277 1216 spatio
301 1162 437 1203 iudice
458 1165 688 1205 Dodwellio
710 1166 767 1218 ΙΙ,
790 1171 830 1211 2.
850 1182 892 1221 p.
911 1169 1010 1211 244.
1034 1166 1159 1206 Sickl.
1187 1163 1263 1216 τοὶς
1293 1161 1340 1207 δὲ
1358 1157 1485 1212 αὖθις
1505 1163 1575 1205 δο-

141 1224 234 1261 κεῖν
257 1221 302 1263 οἰ
318 1219 466 1272 λευκάς
489 1220 594 1265 εἶναι
616 1224 802 1277 Vulgata.
852 1224 1078 1265 Schneider
1104 1223 1332 1276 corrigebat
1360 1217 1480 1271 τᾶςδε
1501 1213 1576 1263 dii-

140 1282 232 1327 θις·
274 1279 347 1319 sed
375 1279 486 1320 hanc
515 1283 812 1324 correctionem
838 1283 924 1323 iam
945 1283 1185 1337 Sylburgius
1206 1282 1472 1330 dissuaserat;
1513 1278 1575 1327 si·-

139 1337 251 1376 milis
285 1339 484 1378 correctio
511 1340 663 1379 reiecta
693 1348 755 1380 est
774 1342 832 1393 V,
860 1346 910 1392 2,
934 1346 975 1384 2.
1005 1346 1095 1390 ταῖς
1123 1336 1200 1394 μὲν
1228 1340 1317 1379 scil.
1346 1337 1573 1393 μελαίναις.

139 1395 221 1434 Pro
241 1396 410 1448 vulgato
430 1392 618 1451 ἐνήγισεν
636 1405 697 1437 est
719 1398 918 1454 ἔνηγῆσαι
937 1399 982 1438 in
1000 1399 1130 1451 Mosq.
1162 1398 1375 1436 Caeterum
1397 1396 1444 1435 in
1464 1407 1573 1435 neu.-

139 1458 206 1493 tro
225 1452 375 1493 horum
391 1456 643 1508 templorum
664 1463 955 1496 commemorat
970 1455 1188 1496 Pausanias
1206 1454 1423 1495 Furiarum
1441 1453 1574 1493 simu-

139 1511 275 1564 lacra3
307 1513 511 1565 quomodo
530 1514 658 1564 igitur
674 1515 807 1567 possis
831 1515 882 1554 de
900 1515 1082 1565 ratione,
1114 1527 1196 1566 qua
1215 1513 1291 1552 illa
1313 1516 1458 1552 ornata
1478 1510 1574 1551 fue-

65 1588 70 1590 ’
138 1569 427 1623 rint,·loqui‘?
470 1585 512 1611 v.
530 1571 818 1613 Heinrichium
839 1573 891 1612 de
914 1572 1155 1626 Epimenide
1176 1571 1341 1624 Cret-Vp.
1361 1571 1432 1614 96.
1462 1566 1573 1622 ὅμοῦ

138 1644 178 1670 κ.
199 1631 288 1675 *ia-2.
319 1643 414 1667 cum
437 1628 507 1668 his
534 1631 800 1683 sacrificant,
832 1631 963 1670 solent
985 1633 1113 1669 etiam
1140 1629 1306 1669 Gratiis
1328 1626 1463 1667 simul
1485 1639 1573 1666 rem

141 1685 336 1726 divinam
344 1688 506 1739 facere.
539 1688 600 1727 sic
624 1689 737 1742 Sylb.
766 1686 870 1744 πρός
901 1687 946 1731 δὲ
955 1692 1026 1760 ,τῷ
1045 1690 1180 1744 χωρίῳ
1201 1690 1288 1736 τοῖς
1303 1683 1473 1728 ’Ἀκεσῑν
1494 1683 1573 1727 ἕτεή

141 1741 213 1800 ρᾶν
235 1745 345 1787 ἐστιν
367 1741 669 1800 ὀνομαζόμενον
700 1745 830 1801 ἱερὸν,
866 1744 929 1789 ’ὅτι
965 1745 1142 1803 Ορέστης
1173 1745 1359 1788 ἐνταῦθα
1387 1743 1571 1799 ἐκείρατο
1643 1792 1658 1799 ‚-

139 1800 219 1857 τήν
248 1799 387 1858 κόμην
418 1804 607 1857 Vulgata.
655 1806 897 1858 Sylburgius
928 1805 1011 1845 iam
1035 1804 1214 1855 monuit,
1246 1802 1489 1843 Amasaeum
1504 1801 1570 1840 le-

140 1862 245 1913 gisse
265 1865 471 1916 Κουρεῖον
489 1878 567 1917 pro
591 1861 720 1918 ἷερόν,
743 1864 871 1918 petito
893 1864 1150 1903 coniecturae
1170 1867 1409 1914 argumento
1431 1873 1453 1899 e
1467 1873 1572 1915 pro-

139 1920 278 1959 ximis.
317 1921 494 1960 Probata
516 1927 653 1961 autem
675 1936 722 1961 ea
743 1929 802 1962 est
828 1922 951 1961 Facio
975 1928 1015 1961 et
1040 1920 1261 1972 Clavierio‚
1293 1932 1469 1972 quorum
1488 1931 1571 1971 po—

140 1977 292 2018 sterior
321 1979 448 2018 vertit
481 2009 507 2030 ‚,
518 1980 555 2018 11
583 1994 613 2032 y
641 1995 663 2018 a
686 1983 833 2034 aupres
863 1981 988 2033 d’Acc
1010 1994 1068 2018 un
1091 1985 1205 2019 autre
1226 1976 1389 2017 endroit
1406 1975 1572 2021 nomme

143 2036 314 2076 Curium
325 2037 352 2058 “
391 2037 582 2077 Kuhnius
599 2034 749 2091 putans
780 2039 826 2078 in
848 2038 984 2093 ἕτερον
1005 2039 1130 2078 latere
1148 2035 1294 2090 templi
1322 2033 1572 2078 vocabulum

138 2093 397 2149 proponebat
429 2095 595 2151 ἕθειρον
628 2097 678 2136 ab
709 2096 871 2152 ἔθειρα,
900 2111 1018 2136 coma
1044 2102 1208 2134 curata.
1256 2092 1404 2146 Corayi
1427 2091 1572 2137 conie-

140 2159 260 2192 ctura
284 2159 365 2192 est:
404 2156 464 2211 τῷ
480 2155 637 2211 χωρίῳ,
668 2158 754 2204 τοῖς
765 2152 928 2206 ’Ἀκεσι,
960 2152 1175 2210 Νερτὲρων
1197 2150 1307 2194 ἐστὶν
1329 2145 1571 2205 ὀνομαζόμε-

138 2226 217 2252 νον
241 2206 376 2266 ἷερόν·
408 2211 525 2252 addit
545 2219 683 2252 tamen
703 2213 772 2254 vir
788 2213 984 2266 egregius:
1023 2213 1103 2264 „Je
1124 2212 1236 2251 n’ose
1254 2208 1489 2259 l'affirmer3
1527 2207 1570 2247 la

141 2269 375 2309 correction
406 2270 457 2309 de
491 2268 604 2326 ἱερόν
635 2285 687 2310 en
717 2275 943 2325 Κουρεῖον,
972 2270 1083 2325 prise
1111 2270 1162 2310 de
1181 2270 1223 2309 la
1243 2267 1409 2309 version
1427 2266 1568 2316 latine,

138 2333 201 2366 est
221 2328 318 2380 plus
337 2327 576 2381 probable.“
615 2330 698 2369 Nos
720 2329 766 2368 in
786 2329 975 2369 codicum
999 2328 1163 2368 silentio
1182 2326 1399 2379 Vulgatam
1418 2324 1478 2364 ita
1497 2337 1570 2364 re-

136 2384 336 2437 tinemus,
375 2393 424 2426 ut
456 2386 595 2443 ἕτερον
627 2388 680 2427 ad
708 2389 860 2443 χωρίον
889 2387 1110 2427 referentes
1147 2383 1259 2440 ἱερόν
1288 2389 1493 2424 mutemus
1520 2381 1569 2423 in

113 2440 259 2498 „treqdv
280 2450 322 2484 et
350 2443 490 2484 locum
510 2445 785 2498 intelligamus
806 2447 984 2485 Sacram
1004 2445 1262 2485 nominatum
1281 2442 1331 2482 de
1354 2455 1422 2493 eu,
1454 2438 1568 2494 quod

133 2501 317 2542 Deorum
338 2501 467 2542 alicui
483 2503 562 2543 sibi
581 2518 739 2543 comam
758 2504 921 2544 Orestes
941 2503 988 2542 in
1010 2518 1057 2542 eo
1077 2501 1273 2542 totondit.
1302 2499 1432 2540 Video
1451 2510 1567 2538 nunc

134 2557 244 2598 idem
274 2560 480 2613 placuisse
501 2561 664 2614 Nibbyo
697 2562 768 2616 qui
799 2562 947 2602 vertit:
987 2562 1170 2612 „Presso
1196 2560 1234 2600 -il
1257 2559 1381 2610 luogo
1401 2556 1484 2596 Ace
1503 2569 1567 2595 un

136 2618 242 2656 altre
267 2632 309 2657 se
334 2631 388 2657 ne
406 2624 526 2660 trova
549 2619 749 2660 chiamato
774 2621 949 2660 Sacro.“
999 2620 1105 2659 Ante
1125 2616 1340 2657 Kuhnium
1356 2613 1566 2667 legebatur

134 2671 311 2728 Ἆκὲσιν,
340 2677 455 2729 quod
478 2678 660 2718 correxit
680 2677 934 2732 Sylburgius.
984 2677 1051 2717 Ad
1072 2675 1310 2730 Cephissum
1327 2672 1408 2713 fuit
1430 2671 1565 2712 simu-

124 2734 295 2773 lacrum
314 2733 495 2775 hominis
527 2736 605 2776 sibi
635 2751 793 2776 comam
814 2737 859 2776 in
878 2736 1079 2775 honorem
1101 2732 1285 2787 Ceph-issi
1304 2730 1512 2771 tondentis
1532 2729 1565 2779 1,

136 2794 216 2844 37,
238 2794 281 2836 2.
310 2791 451 2846 itaque
478 2793 550 2835 hie
580 2795 699 2837 locus
728 2795 850 2837 etiam
869 2794 1008 2850 potuit
1031 2791 1239 2835 commmfi
1258 2789 1425 2831 nomine
1442 2785 1567 2845 Ἱερόν
