1682 3172
167 229 254 274 468
696 216 1082 273 ARKAAIKA

596 351 639 402 C
674 345 718 403 A
755 352 794 403 P
828 351 880 402 U
914 351 961 402 T
1031 348 1158 401 LII.

171 461 225 496 De
249 458 398 495 fortium
421 459 579 494 virorum
603 456 776 493 Graeciae
798 463 976 505 proventu
1003 455 1042 492 in
1053 457 1334 503 Philopoemene
1357 455 1535 492 exstineto
1552 473 1601 498 ···t

265 549 310 555 —
334 530 404 566 viri
427 530 540 565 fortes
561 526 734 565 Graeciae
756 529 915 564 breviter
937 535 1170 563 recensentur
1190 543 1240 553 ·-·
1261 539 1386 564 versus
1400 524 1602 575 Philopoe-

265 598 382 639 menis
407 601 511 648 signo
532 600 702 648 inscripti
724 606 978 634 memorantur.

80 739 165 783 705
182 696 309 773 ,Καὶ
337 722 425 786 ἤδη
454 722 506 773 τὸ
535 727 644 788 μετὰ
671 729 809 774 τοῦτο
839 725 884 780 ἐς
915 721 1097 785 άνδρῶν
1125 722 1316 786 ἀγαθῶν
1342 719 1494 784 φορὰν
1514 723 1606 784 ἔλη-

178 795 252 851 ξεν
281 792 310 853 ἡ
337 790 504 845 Ελλάς.
566 794 646 851 (2)
675 786 930 850 Μιλτιάδης
966 808 1048 851 μεν
1084 809 1171 851 γαρ
1205 791 1230 837 ὁ
1264 788 1474 862 Κίμωνος
1501 789 1607 847 τούς

177 882 225 912 τε
265 864 309 918 ἐς
350 866 631 920 Μαραθωνα
669 857 932 920 ἀποβάντας
968 865 1058 907 τῶν
1095 860 1345 922 βαρβάρων
1381 859 1607 921 κρατήσας

176 930 320 995 μάχῃ,
351 931 427 979 καὶ
454 930 535 978 τὸν
563 931 679 990 πρός
708 933 789 978 τὸν
817 933 989 992 Μῆδον
1018 931 1214 991 ἐπισχών
1246 929 1432 986 στόλον,
1468 929 1608 990 ἐγένε-

175 1023 228 1052 ντο
260 1000 493 1062 ευεργέτης
521 1005 701 1059 πρῶτος
729 1007 861 1062 κοινῇ
888 1005 967 1062 τῆς
990 1000 1222 1056 Ἑλλάδος·
1256 1003 1538 1061 Φιλοποίμην
1559 999 1609 1048 δὲ

179 1075 206 1124 ὁ
245 1073 507 1134 Κραύγιδος
545 1067 740 1131 ἔσχατος
800 1075 844 1119 οἱ
883 1073 931 1118 δὲ
961 1071 1186 1132 πρότερον
1215 1071 1473 1118 Μιλτιάδου
1501 1075 1609 1131 λαμ-

179 1145 272 1203 no&
306 1144 415 1202 ἔργα
452 1140 820 1202 ἀποδειξάμενοι,
861 1138 1043 1200 Κόδρος
1080 1159 1127 1188 τε
1159 1142 1183 1188 6
1216 1138 1495 1197 Μελάνθου,
1533 1141 1612 1188 καὶ

179 1213 205 1262 6
245 1210 535 1273 Σπαρτιάτης
575 1213 877 1272 Πολύδωρος,
915 1213 992 1259 καὶ
1027 1209 1401 1273 Ἀριστομένηςμὸ
1429 1211 1611 1275 Μεσσή-

178 1299 301 1340 νιος,
332 1285 410 1331 καὶ
441 1285 478 1329 εἰ
507 1283 563 1342 δή
593 1301 660 1337 τις
690 1283 849 1337 ἄλλος,
878 1283 1098 1342 πατρίδας
1128 1284 1308 1329 ἕκαστοι
1336 1280 1415 1337 τὰς
1445 1283 1612 1338 αὐτῶν,

178 1354 255 1402 καὶ
288 1351 374 1401 οὐκ
413 1348 591 1412 άθρόον
631 1358 887 1413 φανοῦνται
931 1354 1016 1413 τήν
1050 1352 1245 1399 Ἑλλάδα
1284 1351 1611 1411 ὠφελήσαντες.

179 1418 438 1473 Μιλτιάδου
488 1423 537 1469 δὲ
584 1423 778 1481 ὕστερον
815 1426 1047 1478 Λεωνίδας
1084 1422 1109 1470 6
1147 1422 1498 1480 Ἀναξανδρίδου
1535 1422 1613 1469 καὶ

183 1497 484 1555 Θεμιστοκλῆς
515 1492 540 1539 6
562 1493 815 1547 Νεοκλέους
840 1490 1078 1540 άπωσαντο
1105 1495 1154 1540 ἐκ
1171 1498 1250 1553 τῆς
1270 1492 1547 1547 ἙλλάδοςΗ
1503 1492 1614 1550 Ηέρ-

184 1566 289 1625 ξην,
329 1560 354 1610 6
393 1563 474 1622 μεν
514 1568 612 1616 ταῖς
649 1566 917 1623 ναυμαχίαις
957 1562 1262 1623 ἀμφοτέραις,
1302 1567 1533 1619 Λεωνίδας
1564 1564 1614 1611 δὲ

185 1633 330 1694 αγῶνι
358 1634 422 1694 τῴ·
455 1633 503 1679 ἐν
544 1632 871 1691 Θερμοπύλαις.
924 1628 1199 1693 Ἀριστείδην
1230 1631 1277 1680 δε
1306 1633 1388 1680 τὸν
1417 1634 1615 1694 Λυσιμά-

187 1722 272 1765 χου
301 1705 378 1752 καὶ
416 1706 686 1750 Παυσανίαν
724 1700 807 1751 τὸν
838 1698 1168 1764 Κλεομβρότου
1199 1705 1482 1753 Πλαταίασιν
1511 1705 1616 1770 ἡγη-

305 1877 402 1922 Cu.
430 1877 512 1921 LII.
570 1882 618 1922 In
647 1892 731 1938 quo
761 1893 858 1922 sane
886 1877 978 1922 viro
1006 1877 1212 1922 bonorum
1241 1887 1282 1922 et
1306 1879 1476 1924 fortium
1497 1883 1616 1924 viro-

187 1962 281 1993 rum
311 1951 442 1992 omnis
465 1957 687 2007 propeest
714 1954 762 1994 in
793 1953 963 1993 Graecia
993 1961 1207 1995 consumta
1237 1954 1461 2008 progenies.
1533 1953 1614 2010 (2)

187 2021 349 2063 Primus
379 2022 530 2062 etenim
558 2020 764 2064 Miltiades
799 2021 976 2063 Cimonis
1012 2023 1124 2064 filius
1154 2025 1286 2064 Persis
1321 2025 1373 2064 ad
1402 2024 1616 2065 Maratho-

188 2105 282 2134 nem
303 2088 425 2145 fusis,
457 2096 498 2133 et
529 2089 655 2134 classe
681 2097 823 2134 contra
845 2094 1018 2133 eundem
1041 2090 1201 2134 hostem
1223 2102 1476 2150 comparata,
1509 2107 1616 2136 cun-
1660 2151 1663 2153 Β

190 2166 278 2203 ctae
319 2161 512 2203 Graeciae
559 2161 731 2205 salutem
768 2165 926 2204 attulit:
985 2169 1217 2219 postremus
1260 2163 1469 2219 CraugidIS
1505 2163 1617 2207 filius

191 2229 492 2289 Philopoemen.
551 2235 653 2274 Nam
685 2236 756 2289 qui
786 2240 880 2276 ante
905 2232 1131 2277 Miltiadem
1160 2233 1369 2290 praeclara
1397 2247 1494 2277 suae
1521 2237 1618 2278 vir-

191 2304 290 2345 tutis
321 2305 565 2345 documenta
595 2305 817 2358 dederunt,
860 2305 1016 2347 Codrus
1048 2302 1246 2346 Melanthi
1273 2303 1408 2359 filius,
1447 2308 1621 2362 Sparta—

190 2386 268 2414 nus
299 2372 549 2429 Polydorus,
588 2376 810 2417 Messenius
850 2376 1143 2429 Aristomenes,
1185 2382 1225 2418 et
1262 2378 1296 2417 si
1333 2377 1401 2431 qui
1439 2370 1649 2432 possunt:⁴

194 2440 265 2483 alii
298 2456 390 2485 cum
418 2441 484 2485 his
515 2448 761 2499 enumerari,
799 2443 976 2501 patriam
1016 2449 1189 2502 quisquIe
1225 2460 1338 2488 suam
1367 2444 1456 2488 iure
1482 2444 1618 2489 videri

193 2511 372 2567 possint,
413 2530 498 2555 non
525 2512 759 2557 universam
790 2516 1000 2558 Graeciam
1029 2530 1220 2559 servasse.
1279 2520 1375 2558 Post
1398 2519 1617 2560 'Miltiaden

193 2594 314 2635 vero,
358 2588 398 2624 et
426 2582 624 2626 Leonides
655 2586 992 2639 Anaxandridae,
1033 2596 1073 2628 et
1101 2587 1262 2628 Neoclis
1300 2588 1408 2629 fflius
1448 2589 1617 2629 Themi-

195 2652 363 2705 stocles,
394 2652 575 2696 Xerxem
605 2669 626 2697 e
658 2658 828 2698 Graecia
856 2659 1123 2712 expulerunt,
1165 2654 1324 2698 duobus
1356 2655 1426 2699 hic
1455 2660 1617 2700 navali-

193 2719 270 2761 bus
292 2725 480 2776 praeliis,
511 2723 584 2766 ille
603 2728 735 2768 nobili
759 2729 813 2769 ad
834 2720 1127 2783 Thermopylas
1153 2739 1301 2784 pugna.
1360 2731 1419 2770 De
1437 2730 1618 2770 Aristide

148 2831 150 2834 .
192 2789 443 2846 Lysimachi,
486 2800 528 2837 et
565 2796 762 2839 Pausania
801 2796 1047 2839 Cleombroti
1083 2800 1193 2852 filio,
1240 2800 1314 2855 qui
1353 2798 1406 2841 ad
1433 2801 1615 2841 Plataeas
