1676 3172
144 214 235 258 224
365 250 368 252 .
605 211 1125 256 ADNOTATIONES

99 348 100 351 ¹
145 328 324 372 σταδίων
353 335 476 383 atque
496 326 596 372 δέκα
622 329 884 371 inserendum
907 331 979 370 est.
1006 328 1078 373 καὶ
1106 327 1214 384 αὐτοὶ
1232 339 1330 388 post
1349 334 1475 388 μοῖρα
1497 328 1576 387 μὲν

141 389 362 428 videbatur
389 402 501 428 mera
529 389 719 443 repetitio
747 389 1030 445 praecedentis
1054 390 1124 432 καὶ
1149 387 1254 446 αὐτή
1280 406 1366 432 esse
1389 398 1431 431 et
1455 392 1575 432 uncis

143 446 280 498 digna.
311 443 430 502 χορὸς
449 445 494 488 δὲ
515 442 756 500 ὀνομάζεται
778 450 951 503 Μαιρᾶς
975 454 1069 487 ante
1091 448 1281 502 Facium,
1315 449 1388 503 qui
1407 463 1451 489 se
1470 449 1577 489 dicit

135 518 240 544 -cum
262 505 457 544 Amasaeo
493 505 706 559 scripsisse
737 508 870 560 χῶρος
906 521 983 559 pro
1013 507 1208 548 mendose
1240 507 1408 560 vul‘gato
1439 503 1573 563 χορός.

105 569 107 571 ’
141 563 336 602 Eiusdem
359 577 401 602 se
423 563 574 603 erroris
602 564 846 618 participem
878 564 975 604 fecit
999 565 1181 616 Clavier,
1211 566 1283 606 sed
1301 565 1476 618 Vulgata
1492 559 1575 607 ¹re-

140 621 312 661 tinenda
332 627 414 672 est,
446 622 669 661 dummodo
692 623 909 662 nobiscum
931 623 1085 662 scribas
1109 621 1247 679 Χορός
1267 622 1313 666 δὲ
1335 619 1577 678 ὀνομάζεται

142 681 328 734 Μαίρας.
372 680 614 732 Sylburgius
636 687 748 720 recte
764 680 906 720 vertit:
947 682 1118 721 Maerae
1143 682 1303 722 Chorus
1324 682 1574 735 appellatur.

142 737 281 793 Χορός
301 739 476 793 Μαίρας
493 737 593 791 quid
612 738 686 791 sit,
718 739 837 779 facile
855 738 1104 780 invenietur:
1139 740 1189 779 In
1209 739 1377 780 Homeri
1393 739 1577 793 Odyssea

140 797 241 848 XII,
268 801 293 840 3
318 810 378 849 sq.
402 803 654 836 memoratur
672 799 802 850 νῆσος
819 797 972 851 Αἰαίη,
1004 795 1080 840 ’ὅθι
1098 794 1220 847 Ἠοῦς
1240 799 1352 840 οἰκία
1368 796 1439 839 καὶ
1458 796 1576 867 '9⁰⁰⁰‘

141 855 244 897 slm-
283 854 356 894 ubi
387 853 626 896 Eustathius
657 853 808 911 χορούς
841 855 1138 909 interpretatur
1164 852 1291 898 τόπον
1318 854 1390 901 καὶ
1421 870 1574 910 χώραν.

132 913 224 952 >Sed
254 909 397 967 χορός,
435 908 597 967 χόρτος,
638 928 729 953 cors
760 921 955 967 cognatae
989 921 1088 955 sunt
1120 928 1263 954 voces:
1313 913 1412 961 hinc
1443 909 1576 967 χορὸς,

141 971 253 1026 quod
264 970 574 1024 voc.Hesychio
595 971 824 1026 interprete
845 978 905 1011 est
920 967 1090 1025 κύκλος,
1110 972 1332 1025 στέφανος,
1355 971 1433 1012 erit
1453 971 1576 1011 etiam

139 1038 312 1084 septum.
358 1029 406 1068 In
427 1030 618 1069 Demonis
648 1030 807 1083 Fragm.
836 1035 955 1084 p.-18
979 1045 1043 1085 sq.
1069 1031 1295 1084 reperimus
1322 1033 1405 1072 τῶν
1437 1025 1576 1071 τόπων
1611 1053 1614 1055 v

138 1086 240 1138 τούς
258 1084 437 1137 κύκλους
465 1097 584 1142 septa
605 1091 652 1127 in
673 1089 828 1142 quibus·
847 1089 1031 1128 homines·
1051 1088 1255 1143 degebant
1278 1087 1356 1140 sub
1385 1088 1576 1141 tuguriis

139 1154 179 1186 et
189 1145 370 1200 pecudes·
389 1161 494 1186 suas
510 1147 852 1188 stabulabantur.
911 1148 1026 1187 Hanc
1052 1147 1102 1187 ob
1114 1162 1214 1187 Tem
1229 1147 1276 1186 in
1289 1146 1460 1191 Homeri
1478 1146 1575 1188 100⁰

138 1205 253 1247 οἰκία
286 1203 358 1246 καὶ
389 1204 506 1259 χοροὶ
535 1205 786 1258 iunguntur3
827 1206 872 1246 in
899 1205 964 1245 his
994 1206 1068 1245 illa
1094 1206 1183 1245 fuit.
1244 1206 1308 1244 Ex
1338 1204 1404 1244 his
1427 1206 1576 1258 xopoi‘g·

131 1263 317 1303 ‘subinde
338 1270 459 1302 natae
480 1270 576 1302 sunt
600 1267 736 1318 κῶμαι
759 1270 800 1303 et
819 1260 978 1314 πόλεις·
992 1278 995 1285 ”
1012 1264 1083 1304 Sic
1098 1261 1235 1319 Χορός
1247 1263 1422 1318 Μαίρας
1432 1268 1576 1316 postea

138 1336 228 1375 cap.
250 1325 328 1372 12,
360 1326 401 1364 4.
434 1322 668 1374 appellatur
693 1318 811 1375 κώμη
839 1323 1027 1376 Μαίρας,
1057 1336 1186 1374 pagus
1221 1321 1331 1361 enim
1364 1320 1424 1359 ibi
1455 1325 1574 1360 ortus

135 1380 318 1420 servavit
339 1379 518 1429 Maerae,
549 1393 653 1432 quae
681 1378 752 1418 hic
789 1385 949 1432 septum
981 1378 1201 1429 habuerat,
1238 1384 1414 1428 nomen,
1450 1383 1575 1430 atque

135 1438 260 1478 etiam
282 1434 419 1492 Χορός
439 1438 612 1492 Μαίρας
641 1436 786 1476 seriori
806 1444 990 1490 tempore
1011 1437 1246 1476 nominatus
1267 1442 1340 1476 est.
1390 1435 1574 1488 Scripsi-

136 1511 229 1536 mus
251 1502 387 1535 autem
408 1496 581 1549 Μαίρας
603 1508 655 1533 ex
672 1494 793 1534 Hom.
816 1495 963 1547 Odyss.
985 1495 1057 1544 XI,
1082 1499 1188 1546 326,
1220 1495 1338 1534 Paus.
1356 1493 1412 1545 X,
1434 1495 1504 1543 30,
1530 1495 1572 1543 Ξ,

137 1561 179 1594 et
199 1555 335 1607 Etym.
359 1553 410 1592 M.
432 1556 531 1596 823.
564 1550 675 1606 (746
697 1550 806 1606 sq.),
837 1552 909 1592 ubi
930 1566 1080 1592 nomen
1101 1552 1182 1592 hoc
1205 1552 1375 1592 ducitur
1389 1565 1419 1589 -ει
1441 1551 1575 1606 μαίρω

135 1613 162 1655 i.
178 1627 212 1652 e.
233 1617 391 1666 λαμπω.
421 1610 547 1664 Apud
567 1609 823 1664 Hesychium
843 1624 892 1650 ac
910 1610 1191 1650 Phavorinum
1211 1610 1408 1650 scribitur
1421 1609 1575 1664 Μαίρα

134 1685 214 1726 pro
237 1673 399 1724 Μαῖρα.
437 1668 620 1719 διέξοδος
639 1671 716 1710 τοῦ
738 1669 883 1716 πεδίου
902 1675 963 1708 est
980 1671 1058 1708 via
1073 1683 1152 1722 per
1172 1682 1370 1722 campum.
1394 1674 1542 1707 totum.

251 1727 293 1783 ᾗ.
324 1733 364 1772 2.
422 1724 672 1781 ΓΥσιςερβολοές
700 1741 776 1780 pro
800 1724 1003 1782 Ὑπερβοῖς
1028 1728 1158 1781 Mosq.
1189 1729 1322 1780 φᾶναι
1348 1726 1470 1769 idem.
1501 1741 1576 1770 κα·-

134 1786 404 1841 τειλημμὲνον
428 1785 619 1837 Vulgata.
650 1783 941 1838 κατειλημένον
969 1786 1134 1840 scripsit
1155 1785 1374 1825 nobiscum
1399 1783 1572 1824 clavier.

137 1854 262 1900 atque
293 1846 355 1884 sic
378 1844 529 1896 legitur
557 1843 613 1899 in>
640 1843 732 1882 cod·
760 1846 884 1887 1410.
923 1843 1038 1883 idem·
1061 1845 1284 1884 voluerunt
1317 1841 1572 1897 Sylburgius,
1616 1853 1631 1867 ⁸

135 1905 305 1955 Facius,
336 1902 570 1942 Lobeekius
594 1901 646 1940 ad
667 1901 821 1955 Phryn.
844 1916 886 1956 p.
905 1906 974 1946 30.
1007 1903 1059 1942 cf.
1079 1903 1197 1943 Paus.
1217 1901 1329 1953 VIII,
1352 1905 1430 1952 28,
1453 1904 1500 1952 3,
1531 1906 1575 1940 et

137 1964 232 2003 adn.
255 1963 308 2002 ad
322 1962 377 2000 III
387 1992 398 2011 ,
427 1964 502 2011 16,
525 1964 567 2004 2.
604 1960 643 1999 E
665 1960 802 2000 verbis
825 1956 986 2009 τούτοις
1005 1956 1212 2015 Ἑλλήνων
1234 1981 1285 1989 -
1310 1959 1472 2009 εἴκαζον
1489 1957 1575 2000 Ἑλ·
1606 1989 1610 1991 -

135 2017 276 2074 λήνων
304 2019 538 2059 Lobeckius
572 2017 623 2058 de
648 2024 818 2071 myster.
849 2031 980 2069 graec.
1019 2033 1101 2070 arg.
1129 2018 1178 2058 II.
1210 2032 1250 2071 p.
1273 2020 1312 2060 6.
1343 2016 1572 2069 concludit,

134 2078 440 2135 physiologicas
481 2090 689 2116 sacrarum
733 2076 965 2115 fabularum
1002 2075 1361 2130 interpretationes
1396 2089 1422 2114 a
1450 2068 1572 2118 nullo

134 2135 525 2192 mysteriarcharum
541 2134 763 2174 Pausaniae
788 2133 960 2173 antehac
976 2134 1210 2188 propositas
1228 2133 1365 2174 fuisse.
1397 2128 1575 2186 εὐηθίας

134 2197 265 2250 Mosq.
300 2195 393 2235 Ald.
421 2193 612 2234 Francos.
650 2193 724 2232 sed
753 2192 864 2246 Sylb.
894 2193 1088 2232 correxit.
1133 2192 1174 2242 ἐς
1210 2189 1255 2233 δὲ
1282 2189 1334 2233 τοὶ
1361 2187 1574 2245 Ἀρκάδων

133 2249 456 2310 προςεληλυθιὸς
482 2251 664 2303 -Vulgata
674 2266 685 2301 3
729 2265 807 2290 nos
837 2250 1075 2303 scripsimus
1107 2246 1422 2305 προεληλυθώς·
1461 2249 1573 2289 idem

133 2313 297 2368 placuit
329 2311 551 2360 Amasaeo,
593 2309 834 2362 Sylburgio,
865 2309 1071 2360 Porsono,
1104 2310 1262 2361 Corayo
1296 2314 1336 2347 et
1365 2306 1571 2351 Lobeckio

133 2372 371 2424 ‹le-myster.
394 2382 526 2421 graec.
547 2380 628 2419 arg.
648 2367 695 2407 II.
713 2381 754 2420 p.
768 2371 807 2411 6.
828 2366 938 2406 idem
958 2367 1108 2407 vitium
1129 2373 1190 2406 est
1211 2366 1320 2405 infra
1338 2365 1571 2406 notandum

133 2444 224 2484 cap.
250 2432 324 2479 15,
354 2431 395 2471 2.
448 2425 592 2466 Verbis
616 2420 824 2479 πρόνοιαν
850 2424 944 2480 περὶ
967 2421 1103 2466 αὐτῶν
1132 2421 1295 2467 τοιάνδε
1325 2420 1570 2477 ἐλάμβανον,

133 2502 238 2542 quae
260 2484 539 2539 negligentius
554 2483 848 2535 reddiderunt,
872 2483 974 2523 haec
995 2484 1164 2523 videtur
1179 2495 1271 2538 esse
1291 2481 1452 2520 inclusa
1471 2495 1570 2520 sen-

132 2546 288 2585 sentia:
331 2544 505 2582 cautius
538 2540 589 2581 de
615 2541 685 2581 his
705 2542 829 2581 rebus?
844 2542 958 2582 hzmc
976 2543 1022 2580 in
1047 2540 1218 2581 modum
1235 2538 1423 2578 iudicare
1442 2541 1568 2592 coepi.

129 2605 196 2655 X,
216 2607 294 2656 34,
318 2606 360 2647 4.
394 2607 457 2641 est
486 2596 689 2655 πρόνοιαν
716 2603 929 2642 ποιεῖσθαι
961 2602 1194 2639 cautionem
1214 2596 1408 2638 adhibere
1426 2592 1569 2640 οὐκέτ’

132 2661 203 2705 ἐκ·
245 2660 548 2712 „librariorum
583 2658 802 2697 oscitantia
830 2653 892 2700 ἐτ’
915 2658 1016 2698 mihi
1041 2659 1249 2697 intrusum
1276 2662 1319 2695 et
1348 2655 1567 2708 legendum

133 2733 221 2761 esse
241 2720 408 2759 videtur
435 2713 512 2760 οὐκ
534 2716 615 2759 ἐκι(
646 2717 792 2773 Facinus
804 2747 816 2769 ,
849 2722 972 2770 atque
993 2716 1054 2755 ita
1074 2715 1241 2770 scripsit
1262 2714 1434 2755 Clavier.
1486 2713 1567 2753 Sed

136 2773 290 2830 οὐκέτ’,
319 2777 434 2833 quod
451 2775 671 2833 respondet
686 2775 958 2833 praecedenti
974 2771 1124 2833 πάλαι,
1153 2779 1236 2818 θεῖς
1277 2787 1359 2816 non
1383 2774 1470 2813 iam
1490 2773 1565 2821 ill-0
