1676 3172
147 287 232 329 1³96
604 276 1094 325 ADNOTATIONES

142 407 192 440 ut
209 399 428 450 11,12,2.
460 397 669 447 Quodin
699 397 914 438 Sest'inium
941 397 1156 437 dicendum
1171 398 1277 450 fuit,
1307 403 1551 454 occupatum

145 465 206 497 est
225 458 270 498 in
290 429 499 510 Epllemer.
526 457 687 496 Halous.
715 457 842 512 3²3&ss
875 451 973 511 δόξῃ
1004 454 1048 497 δὲ
1073 459 1125 513 τῇ
1148 478 1201 485 -·
1228 455 1425 513 λέγουσιν.
1467 457 1570 506 Qui

145 515 215 555 hic
246 514 427 567 Πέλλην,
457 514 526 553 ab
534 489 767 568 Ap0110ni0⁸
778 514 853 553 Rh.
877 513 914 564 Ι,
947 518 1057 557 177.
1071 512 1239 584 Πέλλης
1267 521 1457 559 vocatur:
1495 512 1574 568 ἥν

148 569 412 628 (Πελλήνην)
447 585 543 613 ποτε
574 571 730 626 Πέλλης
767 568 975 613 ἐπόλισσεν
1017 567 1082 613 ἐπ’
1121 567 1302 626 ὄφρυσιν
1339 572 1550 628 αἰγιαλοῖο.

148 632 286 679 Quum
307 630 497 668 Pellenen
516 630 733 668 Pausaniae
767 643 818 668 ex
843 629 1088 682 Argivorum
1114 630 1413 669 narrationibus
1437 629 1551 668 dica-

147 695 217 727 iur
237 687 476 726 Phorbantis
494 687 623 738 filius,
653 687 823 740 Triopae
844 701 992 740 nepos,
1023 685 1202 725 Phorbas
1223 693 1263 726 et
1281 688 1450 740 Triopas
1469 687 1550 727 Ar-
1601 720 1606 723 ι

149 746 233 797 givi
262 744 511 796 intelligendi
537 751 649 795 sunt3
690 752 730 783 at
757 745 914 783 caedem
940 750 1041 783 teste
1066 745 1259 783 Pausania
1275 745 1333 795 II,
1366 748 1431 788 16.
1458 745 1549 784 init.

149 803 382 852 iradebant,
402 802 670 842 Pho1bantem
687 809 844 855 panem
853 802 1043 855 Tnopae
1063 801 1252 855 Triopam
1269 802 1401 841 filium
1418 802 1551 845 Phor—

147 861 278 899 hantis
301 860 358 900 fui
363 873 435 899 sse.
493 860 583 899 Hoc
603 860 862 912 sequentibus
882 859 1088 899 videbitur
1113 858 1193 898 hoc
1218 860 1310 899 loco
1341 850 1550 912 coz-figen-

151 919 248 957 dum
270 923 354 956 esse
382 913 535 972 Τριόπα
553 916 600 959 δὲ
618 915 722 959 εἶναι
741 921 816 959 τοῦ
841 913 1077 972 Φόρβαντος
1091 918 1250 958 παῖδα··
1276 917 1414 972 qu'od'
1402 932 1446 956 m
1463 919 1550 957 No-

149 976 282 1014 115·ιά
304 976 458 1015 Hellen.
490 990 529 1029 p.
554 977 650 1019 265.
679 976 759 1014 iam
789 975 1042 1031 piopositum
1073 981 1145 1013 est.
1204 977 1327 1028 Saepe
1350 981 1484 1014 autem
1506 976 1551 1014 in

149 1033 319 1098 Triopae
347 1032 664 1095 Phorbantisque
694 1033 922 1072 nominibus
953 1039 1164 1086 peccatum
1197 1046 1279 1071 esse
1307 1046 1330 1071 a
1362 1032 1549 1084 1111181118,
1575 1038 1579 1042 “
1615 1075 1626 1081 ,

148 1091 307 1129 monuit
325 1082 607 1142 Wesselingius
629 1090 680 1129 ad
699 1091 815 1130 Diod.
837 1091 874 1130 S.
891 1089 965 1140 IV,
989 1091 1056 1135 58.
1115 1091 1171 1165 De
1193 1090 1316 1131 variis
1336 1090 1550 1132 Phorban-

149 1148 256 1188 tibus
277 1149 328 1189 cf.
347 1148 480 1201 Baylfi
503 1148 676 1188 Diction.
696 1162 735 1190 v.
756 1148 962 1202 Phlegyas.

235 1260 301 1316 §-
330 1266 371 1307 6
428 1265 621 1305 Δονοῦσα
643 1270 683 1304 et
703 1270 845 1318 postea
862 1264 907 1303 in
925 1262 1093 1304 Homeri
1115 1263 1319 1314 versiculo
1337 1262 1407 1303 hie
1424 1231 1550 1306 Δονό-
1598 1246 1611 1256 l

149 1330 269 1362 εσσαν
288 1322 412 1372 vulgo
433 1321 593 1373 legitur.
630 1326 857 1373 ,,Δονοῦσα
879 1323 949 1375 qui
970 1322 1308 1418 estsit
1315 1335 1398 1360 non
1417 1321 1553 1362 video.

149 1378 279 1432 Supra
304 1379 420 1416 etiam
444 1379 498 1429 ΙΙ,
517 1381 556 1421 4.
589 1379 642 1430 V,
667 1385 729 1423 18.
759 1380 993 1419 inconstans
1044 1393 1136 1418 ulus
1187 1393 1330 1418 u1n1n1s
1349 1378 1549 1432 scriptura

148 1433 251 1496 fait,
283 1435 351 1474 sed
376 1448 512 1474 veram
534 1436 778 1489 sciipturam
800 1451 881 1475 esse
906 1432 1172 1489 Ῑδνουσσης
1160 1451 1204 1475 m
1223 1436 1306 1475 illis
1325 1436 1426 1489 ipsis
1446 1436 1547 1476 Iocis

147 1466 349 1531 annotavi.
379 1493 457 1531 Hic
477 1507 637 1546 quoque
657 1508 732 1547 pro
752 1495 943 1535 Δονοῦσα
962 1493 1220 1533 scribendum
1241 1506 1324 1533 esse
1337 1493 1554 1535 Γονοῦσσᾱ

149 1556 190 1588 et
216 1564 313 1588 mox
340 1550 385 1588 in
407 1550 572 1589 Homeri
594 1565 715 1590 versu
736 1547 964 1593 Γονόεσσαν
989 1565 1065 1604 pro
1087 1547 1355 1602 Δονόεσσαν,
1353 1544 1548 1602 arguunt

146 1621 230 1646 non
248 1613 409 1646 tantum
429 1609 614 1659 vulgatae
634 1608 800 1647 Homeri
822 1609 1038 1659 editiones,
1069 1609 1140 1648 sed
1160 1609 1278 1648 etiam
1293 1608 1575 1664 Euanthius,

148 1671 187 1703 et
206 1665 391 1703 brevium
410 1665 659 1704 scholiorum
681 1672 809 1705 autor.
820 1668 850 1688 “
880 1665 1135 1719 Sylburgius,
1167 1666 1281 1706 cuius
1309 1666 1373 1707 in
1381 1666 1553 1706 senteri-

147 1723 244 1760 tiam
265 1722 428 1761 iverunt
451 1724 516 1761 Su
519 1723 686 1762 othius
674 1737 719 1762 m
736 1723 978 1763 Handbuch
990 1724 1061 1763 der
1088 1725 1196 1762 alten
1216 1724 1374 1777 Geogr¹¹
1387 1737 1428 1764 v.
1445 1724 1476 1765 Ι.
1502 1738 1544 1778 p.

146 1784 186 1823 2.
215 1793 304 1832 pag.
324 1783 420 1823 697.
451 1787 490 1818 et
506 1781 737 1820 Mannertus
756 1781 857 1821 VIII.
876 1796 916 1834 p.
940 1785 1036 1825 394.
1069 1781 1351 1834 Goldhagenus
1371 1782 1557 1821 Genaua:

146 1844 287 1890 postea
306 1844 438 1876 autem
448 1840 660 1877 Donoessa
678 1839 850 1893 scripsit.
881 1839 960 1878 Sed
974 1839 1253 1895 Palmeriusin
1264 1840 1548 1880 Ech.cever·⁴

145 1895 196 1932 tit
218 1895 419 1947 Sylburgii
438 1897 775 1947 emendationem,
805 1897 855 1935 iis
878 1910 981 1949 quae
1002 1898 1214 1936 Pausanias
1240 1897 1428 1936 adiunxit
1447 1900 1554 1939 ‘Ha--

147 1952 356 2006 σίστρατον
376 1974 428 1982 —
449 1951 530 1994 ’ὑπὸ
550 1950 714 2008 ἀγνοίας
735 1961 844 1993 recte
867 1952 976 1994 usus.
1028 1955 1246 2005 „Scilicet,
1273 1955 1426 2007 inquit,
1420 1959 1438 1976 χ
1453 1956 1544 1994 vult

145 2009 382 2060 Pausanias,
413 2011 619 2064 scripsisse
647 2008 867 2051 Homerum
895 2008 1143 2062 Δονόεσσαν,
1175 2013 1243 2051 sed
1274 2012 1550 2077 Pisistla-tm'n,'

147 2067 217 2130 (1111
235 2041 466 2106 Homericos
486 2074 624 2107 versas
645 2067 905 2122 compilavit,
922 2070 1024 2108 male
1042 2069 1182 2120 legisse
1201 2075 1239 2108 et
1254 2083 1328 2122 per
1346 2069 1544 2121 ignoran-

146 2124 245 2162 tiam
275 2124 477 2177 scripsisse
504 2121 748 2177 Γονόεσσαν,
777 2127 886 2166 unde
911 2126 956 2165 in
982 2133 1164 2179 posteros
1190 2140 1303 2167 error
1327 2127 1540 2180 emanavit,

145 2187 193 2220 ut
220 2182 328 2235 apud
359 2182 578 2221 Homerum
607 2180 807 2225 Γονόεσσα
831 2198 908 2237 pro
940 2181 1148 2226 Δονόεσσα
1174 2185 1409 2236 legeretur
1431 2183 1541 2224 Haec

76 2237 79 2246 ‘
146 2245 204 2277 est
233 2239 443 2278 manifesta
473 2241 689 2284 Pausaniae
720 2242 927 2280 sententia.
939 2243 964 2263 “
1010 2240 1256 2307 Quanquam
1284 2242 1441 2295 potius
1448 2256 1548 2282 cum

106 2306 119 2314 ⁴*
144 2296 264 2335 Facio
289 2297 502 2336 dicendum
525 2305 594 2348 est,
616 2299 848 2338 Pausaniam
866 2298 935 2337 hic
953 2300 1181 2364 opinionem
1199 2299 1414 2338 hominum
1425 2299 1540 2339 illius

142 2354 314 2405 regionis
332 2355 493 2394 referre.
523 2354 570 2394 In
581 2356 746 2396 Homeri
762 2370 900 2407 versu,
933 2357 1003 2408 qui
1019 2363 1080 2396 est
1096 2356 1208 2396 Iliad.
1222 2357 1272 2407 II,
1291 2356 1389 2407 573,
1407 2356 1536 2410 Mosq.

141 2409 262 2450 habet
291 2413 344 2452 Οι
363 2408 403 2452 δ’
420 2411 656 2467 Τπερσίην,
692 2412 850 2452 Scholia
882 2420 1013 2452 autem
1036 2414 1160 2453 Paris.
1187 2414 1238 2453 ad
1257 2414 1389 2468 Apoll.-
1395 2412 1482 2453 Rh.
1503 2414 1535 2464 Ι,

142 2472 236 2513 176
268 2469 323 2509 Οἳ
338 2465 387 2509 θ’
403 2467 664 2523 Τπερησίων.
702 2472 780 2510 Pro
805 2472 970 2523 vulgato
991 2471 1059 2512 καὶ
1089 2468 1264 2525 (ἔλλαχον
1285 2467 1537 2527 μνημονευό-

141 2539 249 2578 μενοι
264 2526 409 2591 scripsi
426 2526 495 2567 καὶ
514 2524 613 2568 ἅλλα
633 2525 805 2581 αλλαχοῦ
831 2545 951 2582 μνημ.
971 2543 1091 2581 quam
1112 2529 1433 2568 emendationem
1453 2529 1543 2572 Co·-

139 2597 260 2635 rayus
277 2584 321 2622 in
349 2579 577 2640 Προδρόμω
595 2584 749 2639 Ἑλλην.
771 2589 955 2639 Βιβλιοθ.
987 2588 1038 2625 ad
1061 2587 1211 2626 Aelian.
1234 2586 1280 2625 V.
1301 2586 1351 2625 Η.
1371 2599 1412 2639 Ρ
1435 2588 1531 2630 315

136 2654 187 2692 pl
191 2641 408 2712 opositam‘
404 2640 471 2680 hic
487 2643 717 2694 repetivit.-
737 2644 814 2682 Pro
840 2641 870 2698 ἢ
894 2640 1021 2685 αυτόν
1050 2650 1109 2683 est
1134 2659 1176 2685 τε
1199 2639 1327 2696 αὖτην
1343 2643 1388 2682 in
1403 2643 1530 2697 Mosq.
1573 2648 1578 2656 '

134 2694 166 2749 ἠ’
187 2695 260 2738 τόν
280 2714 370 2739 τινα
389 2698 555 2754 ἑταίρων
575 2707 668 2740 ante
685 2701 866 2752 Faciam,
899 2703 971 2755 qui
989 2701 1192 2754 Sylburgii
1212 2701 1531 2741 emendationem

134 2750 165 2808 ἢ
184 2758 265 2795 τῶν
282 2771 373 2796 τινα
393 2755 443 2797 ἒτ.
463 2758 637 2811 recepit:
679 2772 782 2811 quae
802 2759 1012 2813 Sylburgio
1027 2773 1076 2798 ac
1096 2759 1361 2799 Valckenario
1385 2760 1529 2799 Ionica

134 2813 378 2865 anastaeoplze
396 2822 575 2858 vocatur.
609 2817 659 2858 cf.
682 2817 818 2860 Praef.
828 2818 910 2860 vol
923 2817 962 2859 I.
969 2831 1011 2872 p
1027 2818 1118 2862 XX
1157 2817 1267 2859 Idem
1284 2816 1523 2870 Sylburg¹u⁸
