1676 3172
430 238 515 282 AD
550 238 664 281 LIB.
703 237 809 281 VIII.
869 236 998 280 CAP.
1033 236 1226 281 xxxvl.
1462 242 1553 285 813
1607 204 1610 220 ·

116 356 440 414 Lyn-oniafflia.
477 356 539 398 De
566 355 670 398 urbe
691 356 891 399 Mamalo
917 357 970 397 cf.
994 369 1082 412 cap.
1105 361 1156 408 8,
1179 359 1218 400 1.
1247 352 1296 398 τὸ
1317 353 1364 412 δὲ
1385 352 1482 412 ὅρος
1503 353 1553 399 vo*

118 413 365 468 Μαινάλιον
392 411 504 472 ἱερὸν
539 411 716 472 μάλιστα
746 412 855 458 εἶναι
886 412 1026 464 Πανὸς
1058 410 1333 469 ὀνομάζουσιν
1363 414 1553 468 Vulgata.

119 475 429 528 „Sa-naendum
448 487 535 514 esse
555 474 815 528 νομίζουσιν,
843 472 947 513 1111111
965 473 1138 513 dubium
1158 487 1244 513 non
1267 480 1328 513 est
1340 475 1366 496 “
1394 473 1553 524 Pacius,

121 533 238 575 cuius
258 533 306 573 in
327 532 572 574 sententiam
590 532 671 572 ivit
692 532 876 583 Clavier,
908 545 1142 586 quanquam
1162 531 1354 571 Schaefer
1381 531 1436 571 ad
1450 531 1556 570 Dio-

118 605 212 646 nys.
233 605 276 647 p.
300 595 398 637 142.
440 591 564 630 Facio
599 590 886 631 contradicens
915 590 999 630 iam
1028 593 1268 640 monuerat,
1308 589 1418 630 hanc
1450 604 1556 645 con-¹

120 650 394 692 structionem
412 650 636 691 verborum
665 644 885 703 ὀνομάζειν
904 654 946 687 et
969 644 1239 702 ἐπονομάζειν
1259 648 1382 687 etiam
1402 649 1449 688 in
1466 648 1556 689 He-

119 708 213 749 rod.
234 707 315 760 IV,
339 712 410 754 88.
430 707 618 762 reperiri.
647 707 754 746 adde
778 708 898 748 Paus.
918 706 977 758 11,
1001 709 1077 758 19,
1098 707 1138 751 5.
1168 707 1286 757 VIII,
1313 710 1366 751 31
1379 738 1391 758 ,
1414 709 1455 752 4.
1483 706 1558 747 sed.

121 772 245 807 antea
264 766 506 821 Sylburgius
526 766 770 820 praevidens
790 766 900 816 fore,
930 765 1003 819 qui
1022 764 1131 805 hanc
1154 765 1429 819 coniecturam
1451 779 1558 820 pro-

119 829 316 879 poneret,
356 839 446 866 eam
473 824 744 864 necessariam
774 838 861 863 esse
890 829 1120 876 negaverat.
1157 820 1260 865 ὥστε
1288 847 1348 854 -
1379 823 1557 878 λέγουσι.

119 880 183 922 De
211 885 350 923 Panis
379 890 511 922 cantu
540 883 600 922 ibi
631 882 773 922 audito
802 889 862 922 est
890 882 999 922 illud
1026 881 1191 934 Virgilii
1217 882 1305 923 Ecl.
1333 883 1453 934 VIII,
1487 886 1559 926 23.

101 955 279 995 faeemper
305 949 532 996 pastorum
556 941 628 982 ille
663 939 930 996 (Maenalus)
966 938 1092 982 audit
1123 954 1305 994 amores,
1339 943 1556 995 Panaque.

121 1001 353 1055 συρίζοντες
369 1000 500 1053 Mosq.

237 1055 280 1112 §.
299 1061 342 1102 6.
363 1056 543 1107 marsone
557 1056 653 1098 Ald.
674 1057 786 1110 quod
804 1057 1021 1108 revocavi3
1052 1055 1196 1108 ἄστεος
1205 1057 1397 1112 Francos.
1417 1055 1557 1096 Kulm.

121 1114 218 1157 Fac.
241 1116 353 1157 elav.
392 1116 568 1169 Vulgata
588 1122 685 1170 post
707 1114 850 1165 ἄστεος
876 1115 1001 1155 habet
1020 1116 1246 1169 virgulam,
1279 1129 1384 1170 quae
1409 1114 1559 1154 deinde

121 1181 357 1227 sequuntur
367 1189 498 1228 usque
518 1175 573 1215 ad
591 1170 826 1229 διαβάντων
843 1175 958 1214 1111113
972 1174 1309 1230 interpunctione
1328 1173 1559 1226 distinguit.

122 1233 369 1285 Sylburgius
401 1238 546 1273 auctor
577 1233 732 1284 fuerat,
762 1238 812 1271 ut
839 1238 936 1286 post
960 1233 1067 1275 εἰσιν
1097 1233 1417 1290 suspenderetur
1443 1245 1561 1285 pun-

125 1296 265 1342 ctum,
301 1297 345 1331 et
363 1291 512 1330 Facius
547 1297 750 1331 commate
777 1290 886 1330 hanc
919 1297 1079 1344 partem
1100 1292 1305 1346 separavit
1325 1305 1350 1329 a
1373 1290 1558 1344 reliquis.

123 1347 210 1401 Ego
226 1355 325 1402 post
339 1349 445 1391 εἰσιν
461 1349 613 1400 maius,
631 1355 729 1403 post
749 1347 855 1390 ὁδοῦ
871 1349 1086 1388 minimum
1098 1349 1376 1389 distinctionis
1396 1349 1562 1400 signum

121 1407 266 1460 posui3
294 1420 393 1446 nam
413 1421 556 1447 sensus
580 1413 662 1446 est:
700 1405 946 1446 Dimidium
961 1409 1058 1446 viae
1077 1416 1157 1458 est,
1188 1423 1321 1462 quum
1345 1421 1479 1460 usque
1501 1405 1565 1444 ad

120 1463 281 1518 Alphei
298 1466 469 1519 flumen
490 1466 733 1518 perrexeris.
790 1464 925 1518 Vulgo
954 1465 1196 1519 intelligunt
1225 1466 1276 1506 de
1312 1463 1561 1505 traiiciendo

109 1523 254 1577 fluvio
274 1523 458 1576 Alpheo,
488 1523 560 1563 sed
579 1523 637 1562 ita
658 1520 761 1578 πρὸς
780 1523 930 1563 vitiose
951 1523 1198 1575 abundaret;
1240 1524 1379 1578 potius
1400 1524 1453 1563 ad
1474 1524 1564 1565 δια-

124 1576 293 1635 βάντων
311 1588 473 1634 repetes
494 1581 633 1621 animo
652 1577 768 1623 ὁδόν.
801 1581 911 1633 Ergo
934 1581 1087 1634 viginti
1109 1582 1241 1622 stadia
1258 1596 1391 1635 usque
1409 1582 1464 1621 ad
1484 1582 1565 1621 Al·-

124 1637 302 1693 pheum,
331 1639 431 1679 inde
456 1639 631 1679 totidem
661 1639 714 1678 ad
739 1639 974 1692 Despoenae
997 1641 1200 1694 templum
1230 1640 1352 1695 (vide
1371 1638 1564 1694 proxima
1598 1667 1602 1671 >

123 1711 260 1750 usque
281 1697 334 1750 ad
348 1695 392 1751 §.
407 1700 449 1742 7.
470 1695 637 1751 princ).
658 1697 720 1736 sic
741 1697 922 1736 efficitur
945 1698 1213 1752 quadraginta
1226 1699 1458 1753 „stadiorum
1478 1712 1564 1738 nu-

124 1769 275 1796 merus.
306 1755 420 1805 Quae
436 1770 566 1809 quum
580 1755 639 1794 ita
657 1755 769 1795 inter
788 1769 830 1794 se
851 1755 1114 1808 cohaereant,
1136 1757 1303 1797 initium
1316 1755 1564 1811 paragraphi

127 1814 236 1854 sexti
269 1827 357 1853 non
390 1820 478 1854 erat
500 1829 523 1853 a
543 1813 680 1854 verbis
704 1811 805 1868 μεταέ
829 1812 878 1855 ’δὲ
913 1809 989 1856 δύο
1010 1815 1247 1854 faciendum
1266 1816 1312 1854 in
1332 1815 1446 1855 Facii
1471 1815 1564 1855 edi-

126 1872 255 1913 tione.
281 1872 434 1912 Miiller
452 1872 498 1911 in
518 1872 707 1912 Doriens.
722 1872 780 1923 ΙΙ,
796 1874 896 1916 447.
914 1872 1124 1925 ingeniose
1143 1872 1246 1916 ὀδοῦ
1261 1871 1366 1927 πρός
1383 1876 1459 1915 τοῦ
1478 1869 1563 1915 Ἀλ-

126 1933 256 1983 φειοῦ
274 1928 321 1972 τὸ
342 1931 490 1985 ῥεῦμα.
528 1926 734 1984 Διαβᾶντι
758 1928 803 1972 δὲ
823 1928 922 1984 μετᾶ
944 1931 1123 1984 corrigit.
1154 1931 1395 1987 Μακαρέων
1411 1935 1563 1973 -Δα-

127 1987 233 2031 σέων
252 1989 448 2041 Vulgata,
477 1989 551 2029 sed
570 1995 795 2042 utrumque
816 1989 1065 2029 vocabulum
1087 1989 1406 2042 περισπαστέον,
1438 1997 1563 2043 atque
1584 2042 1587 2043 ⁷

62 2078 65 2079 γ
126 2047 187 2087 ita
217 2047 469 2101 scripsimus.
511 2048 565 2087 cf.
586 2047 639 2087 ad
662 2051 812 2101 cap.3,
842 2051 880 2091 1.
902 2048 996 2089 adn.
1030 2054 1071 2088 et
1092 2046 1231 2117 Steph.
1250 2048 1349 2101 Byz.
1378 2049 1451 2089 ubi
1479 2048 1560 2088 ita:
1605 2047 1607 2049 ’

126 2105 304 2156 Δασέαι,
345 2102 468 2155 πόλις
495 2101 740 2162 Ἀρκαδική·
786 2106 1032 2156 Παυσανίας
1066 2103 1215 2164 ὄγδοῳ.
1264 2106 1477 2147 Berkelius
1510 2107 1562 2146 de

127 2171 273 2204 nostro
291 2163 387 2203 loco
406 2163 453 2203 in
475 2177 614 2204 errore
634 2164 728 2204 fuit.
775 2163 836 2203 De
854 2164 920 2204 his
938 2164 1098 2205 duobus
1120 2165 1285 2220 oppidis
1305 2172 1347 2205 et
1368 2166 1419 2205 de
1439 2165 1561 2207 Aca-

128 2224 236 2261 cesio
259 2221 418 2261 Gellius
444 2221 491 2260 in
521 2222 615 2263 ltin.
648 2223 698 2262 of
723 2221 797 2261 the
817 2222 957 2262 Morea
985 2238 1027 2277 p.
1050 2227 1146 2268 101.
1176 2223 1256 2262 ita:
1295 2224 1484 2275 „Sinano
1513 2229 1561 2262 to

126 2280 327 2321 Karitena
345 2280 418 2333 (by
434 2279 543 2319 Delli
559 2278 739 2334 Hassan)
757 2302 819 2310 —
834 2285 855 2324 1
878 2280 920 2321 h.
943 2285 994 2325 11
1015 2296 1068 2321 m.
1090 2282 1200 2321 Delli
1214 2282 1392 2334 Hassan,
1423 2298 1446 2322 a
1466 2296 1563 2322 new

126 2351 273 2393 pyrgo.
300 2338 347 2378 L.
368 2352 424 2378 on
443 2352 496 2377 an
512 2338 718 2378 insulated
738 2338 817 2378 hffl
839 2353 907 2378 are
928 2340 1133 2394 probably
1154 2340 1224 2380 the
1242 2340 1358 2380 ruins
1379 2342 1428 2381 of
1441 2344 1562 2382 Aca·-

128 2399 299 2436 cesium.
326 2417 387 2426 -—
415 2397 470 2440 15
496 2410 552 2436 m.
579 2396 762 2449 Vestiges
790 2411 890 2437 near
918 2398 991 2438 the
1021 2399 1126 2439 road
1159 2414 1213 2439 on
1234 2413 1270 2439 r.
1312 2399 1442 2440 These
1464 2413 1564 2452 may

130 2454 386 2508 correspond
408 2453 514 2493 with
539 2453 611 2493 the
641 2455 718 2495 site
748 2456 796 2495 of
815 2457 1055 2496 Macareus.
1083 2461 1138 2501 21
1166 2472 1220 2497 m.
1265 2458 1385 2497 Cross
1405 2473 1428 2497 a
1450 2464 1564 2511 great

128 2519 294 2553 stream.
323 2513 507 2563 Vestiges
530 2526 631 2552 near
651 2513 704 2565 it,
734 2513 911 2568 perhaps
931 2517 1079 2555 Dasea
1090 2547 1101 2566 ,
1133 2531 1189 2555 011
1207 2514 1280 2555 the
1300 2517 1464 2557 smooth
1483 2517 1565 2558 hill

129 2571 160 2612 l.
174 2573 201 2593 “
230 2571 347 2611 Idem
367 2585 409 2624 p.
431 2573 503 2614 93.
524 2571 672 2621 sumit,
706 2573 877 2612 castello
899 2573 1021 2626 Agios
1047 2574 1235 2627 Giorgios
1256 2574 1490 2628 nominato,
1522 2582 1563 2615 et

129 2629 241 2669 inter
258 2628 361 2669 Isari
383 2635 502 2681 atque
514 2629 718 2669 Leondari
739 2630 818 2669 sito
839 2631 1024 2671 vicinum
1042 2632 1170 2671 fuisse
1186 2633 1448 2674 Acacesium.
1476 2651 1563 2683 τος-

131 2684 271 2736 ούτοις
299 2693 393 2726 ante
415 2686 603 2738 Faciam,
664 2688 707 2726 ui
730 2689 942 2742 Sylburgii
969 2691 1267 2730 correctionem
1286 2695 1474 2741 τος-οῦτοι
1495 2707 1563 2732 re-

131 2745 255 2798 cepit.
282 2746 364 2785 Pro
382 2745 549 2797 vulgato
570 2759 613 2786 τε
629 2761 687 2798 ην
709 2753 770 2784 est
795 2746 878 2788 τινὶ
896 2747 942 2786 111
963 2749 1094 2802 Mosq.
1140 2749 1200 2788 De
1216 2749 1360 2789 Aeaco
1379 2751 1562 2791 Acacesii

134 2802 351 2845 conditore
372 2804 424 2844 cf.
446 2818 534 2858 cap.
557 2806 607 2856 3,
632 2808 669 2848 1.
706 2806 973 2861 Ταναγραίων
992 2822 1071 2861 pro
1098 2811 1348 2864 Ταναγραῖοι
1362 2810 1492 2863 Mosq.
