1676 3172
155 245 245 290 248
621 229 1128 283 ADNOTA'rtoNEs

121 363 124 375 ¹
160 357 356 400 dubitans
375 371 427 398 an
442 357 545 401 haec
566 357 717 399 cidaris
738 357 966 399 Arcadibus
986 357 1232 409 innotuerit,
1263 357 1385 404 duxit
1400 358 1484 400 hoe
1505 361 1586 403 Ce-

157 416 262 458 reris
292 430 518 469 cognomen
546 431 570 456 a
600 415 757 468 cidari,
797 416 1000 457 Arcadico
1037 416 1262 456 saltationis
1294 415 1439 470 genere
1474 419 1585 473 apud

158 474 412 515 Athenaeum
436 474 557 526 XIV,
591 478 689 520 631.
716 475 756 516 d.
788 474 861 529 qui
886 480 1024 515 tamen
1049 474 1156 517 nihil
1184 474 1264 514 nisi
1289 488 1440 516 nomen
1461 475 1584 517 huius

160 532 390 584 saltationis
408 532 600 573 servavit.
654 533 735 573 Sed
748 534 917 604 κίδαρις
936 533 1018 572 fujt
1039 533 1159 572 etiam
1175 532 1400 606 interprete
1417 533 1584 583 Pham-

159 591 254 632 rino
284 591 491 646 περίθεμα
515 594 699 646 κεφαλῆς
723 588 947 646 εὔκοσμον,
977 586 1036 632 δι’
1058 585 1112 633 ου
1140 590 1218 632 οῖ’
1185 595 1322 659 ιερεΐς
1341 589 1387 634 τὸ
1408 589 1587 647 waiet&

160 648 433 719 ἐκοσμοῦντο·
465 649 575 703 apud
593 649 846 719 Hesychium
863 645 1082 702 additur'¹
1051 665 1080 703 η
1104 643 1322 704 στρόφιον,
1354 647 1379 692 ὃ
1401 650 1445 692 οἱ
1464 650 1588 706 ἱερεῖς
1643 648 1646 651 ’

153 709 382 763 φοροῦσιν,
410 703 443 761 ἢ
465 707 510 749 ἐκ
537 710 687 762 τριχῶν
706 703 894 777 ὕφασμα.
943 706 1101 747 Forsan
1129 706 1181 746 de
1204 705 1284 747 hac
1313 706 1444 748 cidari
1467 708 1587 749 Ceres

151 764 227 804 illa
248 765 534 817 cognominata
555 772 625 807 est.
654 767 811 805 Locum
835 761 1201 834 ραβδοις-παίει
1219 778 1296 805 cur
1313 764 1586 806 Schwenkius
1619 775 1624 783 ’

151 829 390 877 suspectum
415 822 569 863 dixerit
592 837 679 864 non
697 823 832 864 video.
866 819 1024 878 ῥάβδος
1043 835 1121 877 pro
1144 818 1317 877 ῥάβδοις
1341 823 1470 877 Mosq.
1501 823 1587 866 ἐπι-

149 881 350 937 χθονίους
361 881 558 935 Vulgata3
589 881 831 935 Sylburgius
851 881 995 922 vertit:
1026 888 1160 921 terrae
1178 881 1361 932 incolas,
1380 881 1452 921 sed
1461 882 1588 922 Gold-

150 938 366 992 hagenus
353 953 436 979 iam
455 939 563 980 vidit
580 939 658 980 hos
680 953 765 980 esse
785 939 1039 995 ἐπιχωρίους.
1079 938 1162 979 Nos
1185 953 1283 979 cum
1297 938 1464 979 Kuhnio
1489 954 1588 980 cor-

151 997 335 1038 reximus
368 997 676 1052 ὖποχθονίους,
705 998 765 1037 ita
793 998 955 1039 Clavier
986 1011 1150 1051 quoque
1171 996 1359 1051 scripsit,
1391 1003 1431 1038 et
1451 998 1589 1051 Nibby

150 1055 358 1095 reddidit:
403 1056 467 1109 gl’
500 1054 616 1096 Iddii
654 1057 872 1108 Infernalc'.
935 1057 1085 1095 Sensus
1123 1062 1260 1095 autem
1291 1061 1368 1096 est:
1403 1058 1589 1110 pulsans

151 1114 292 1166 virgis
308 1113 463 1152 'terram
481 1122 605 1153 vocat
624 1116 740 1155 Deos
762 1115 937 1166 inferos-,-
978 1128 1075 1154 nam
1099 1114 1169 1166 qui
1190 1113 1344 1153 inferos
1366 1114 1587 1168 cupiebant

151 1185 205 1225 pl
207 1170 346 1211 ecibus
363 1185 547 1224 movere,
578 1179 729 1213 terram
749 1172 970 1226 pulsabant
989 1171 1201 1223 manibus,
1231 1171 1301 1212 vel
1317 1178 1368 1213 ut
1384 1171 1428 1213 h.
1441 1172 1471 1212 l.
1491 1171 1586 1222 vir&

153 1228 226 1282 gis.
268 1229 370 1268 Sic
358 1244 404 1269 m
427 1230 596 1271 Homeri
619 1230 734 1270 Iliad.
756 1231 836 1282 IX,
859 1231 958 1275 567.

327 1285 459 1329 πολλα
481 1286 526 1330 δὲ
544 1288 615 1330 καὶ
618 1292 757 1361 γαῖαν
777 1284 1055 1343 πολυφόρβην
1072 1286 1211 1343 χερσὶν
1230 1282 1372 1357 diota,

327 1341 598 1399 κικλήσκουσ’
618 1343 763 1400 Ἀιδην
787 1345 858 1388 καὶ
879 1344 1054 1415 ἐπαινην
1078 1341 1402 1400 Περσεφόνειαν.

152 1397 299 1469 λόγος,
327 1403 399 1445 καὶ
421 1403 522 1457 πρὶν
541 1426 600 1435 —-
592 1403 914 1474 πλανωμένην,
942 1400 1034 1445 όσοι
1058 1405 1275 1444 Φενεατῶν
1295 1410 1390 1444 ante
1404 1399 1586 1457 Faciam,

153 1461 227 1513 qui
258 1474 354 1500 cum
386 1475 408 1501 e
428 1461 558 1527 Mosq.
591 1458 684 1504 όσοι
710 1460 755 1504 δὲ
789 1464 885 1503 Φεν
914 1460 1157 1514 recepisset,
1189 1467 1286 1527 post
1312 1462 1589 1517 πλανωμένην

150 1518 350 1559 maiorem
368 1519 511 1574 posuit
534 1519 849 1559 distinctionem.
895 1518 1009 1567 Quae
1028 1518 1151 1557 lectio
1173 1519 1207 1558 si
1225 1525 1330 1558 esset
1347 1532 1469 1571 vera,
1501 1527 1588 1560 sta-

154 1577 362 1616 tuendum
384 1584 508 1629 esset,
531 1578 690 1631 aliquid
707 1577 919 1616 excidisse.
952 1576 1090 1625 Quare
1108 1575 1161 1615 ad
1170 1576 1388 1628 Vulgatam
1405 1577 1589 1618 redeun-

155 1634 280 1686 dum,
311 1635 383 1674 sed
405 1649 500 1674 cum
521 1636 680 1689 Corayo
702 1635 829 1676 verba
848 1633 919 1676 καὶ
938 1633 1039 1690 πρὶν
1059 1655 1119 1665 ·-
1141 1633 1413 1707 πλανωμένην
1433 1649 1595 1690 paren-

154 1692 318 1733 theseos
347 1693 471 1746 signis
506 1694 758 1733 includenda
785 1692 1033 1746 putavimuS.
1072 1690 1144 1733 καὶ
1165 1714 1225 1723 —
1243 1689 1322 1748 γοῖρ
1348 1693 1420 1736 καί
1443 1697 1590 1734 etenim

155 1758 207 1790 et.
256 1751 436 1805 Corayus
455 1753 601 1792 vertit:
633 1753 726 1804 „les
746 1751 969 1791 Pheneates
990 1750 1126 1790 disent
1148 1764 1227 1804 que
1248 1751 1367 1791 Ceres
1390 1751 1488 1807 (car
1509 1753 1590 1793 Ce-

153 1821 243 1860 res,
268 1815 394 1849 avant
414 1809 546 1849 meme
559 1811 757 1850 l’arrivee
779 1809 829 1849 de
840 1809 912 1849 N
879 1823 971 1860 aus,
997 1808 1098 1848 etoit
1114 1818 1248 1848 venue
1268 1808 1366 1848 chez
1386 1823 1467 1850 eux
1487 1811 1590 1852 dans

154 1867 196 1906 le
215 1880 335 1907 cours
357 1867 407 1907 de
427 1882 486 1908 ses
502 1867 694 1922 voyages)
717 1867 888 1908 donna
876 1882 899 1906 a
918 1873 1011 1907 tous
1033 1879 1141 1906 ceux
1162 1867 1232 1906 des
1246 1866 1466 1909 Pheneates
1477 1900 1489 1921 ,
1514 1869 1590 1923 qui

153 1924 186 1966 Ρ
188 1925 353 1966 avoient
375 1939 517 1977 reque,
542 1933 618 1967 etc.
629 1927 655 1949 “
686 1925 928 1980 Sylburgius
949 1925 1225 1976 existimabat,
1257 1926 1589 1967 coniunctionem

155 1998 201 2025 τε
220 1984 367 2024 melius
387 1991 482 2039 post
502 1981 593 2027 όσοι
611 1985 754 2025 locari.
803 1985 904 2023 Cum
921 1982 985 2022 his
1005 1979 1168 2033 τούτοις
1188 1999 1240 2024 τα
1262 2006 1317 2014 --
1338 1980 1460 2040 λόγος
1478 1986 1530 2025 cf.
1554 1985 1586 2037 Ι,

155 2045 236 2093 37,
259 2045 300 2085 3.
340 2043 400 2081 De
421 2042 657 2083 istiusmodi
680 2043 804 2098 ἱεροῖς
823 2039 960 2096 λόγοις
977 2041 1129 2095 optime
1148 2041 1342 2098 exposuit
1357 2043 1589 2084 Lobeckius

158 2099 212 2139 de
233 2100 467 2154 mysterim.
489 2114 620 2154 graec.
639 2106 862 2154 argument.
880 2099 987 2139 Diss.
1007 2099 1038 2139 1.
1057 2113 1098 2152 p.
1115 2102 1156 2142 9
1184 2098 1235 2138 11.
1255 2114 1298 2154 p.
1316 2095 1358 2145 4.
1379 2101 1421 2145 5.
1449 2101 1520 2141 111.
1542 2115 1586 2156 p.

156 2159 199 2201 4
223 2160 264 2201 7
303 2162 357 2200 Τ
351 2155 545 2214 ριςαύλης
572 2160 723 2212 vulgo,
763 2156 877 2224 quod
897 2170 1047 2198 nomen
1065 2156 1395 2198 Schwenckius
1381 2172 1429 2199 m
1450 2159 1586 2213 Etym.

157 2215 335 2269 Myfliol.
354 2216 531 2258 Andeut.
550 2232 593 2272 p.
607 2221 704 2262 113.
726 2217 830 2257 bene
849 2216 1143 2269 interpretatur
1164 2223 1225 2255 ter
1239 2217 1477 2286 sulcatum,
1506 2217 1594 2259 du—

161 2287 262 2313 cens
291 2274 341 2313 ab
373 2271 520 2327 αυλὸς,
558 2270 707 2327 αὖλαξ,
746 2287 851 2329 quae
875 2287 1132 2314 communem
1157 2273 1310 2315 habent
1330 2276 1587 2330 origininem.

158 2331 350 2372 Kuhnius
376 2333 605 2385 corrigebat
613 2330 830 2388 Δυςαύλης
849 2332 1094 2373 assentiente
1109 2331 1233 2372 Facio
1244 2364 1256 2385 ‚
1288 2334 1400 2387 quod
1417 2333 1488 2374 hic
1503 2333 1587 2374 ho-

159 2403 228 2429 mo
251 2390 297 2429 in
321 2391 476 2430 Cereris
497 2391 671 2432 historia
691 2392 789 2431 satis
807 2397 930 2431 notus
952 2390 1018 2432 sit.
1047 2391 1145 2431 vide
1161 2390 1193 2442 I,
1219 2394 1285 2443 14,
1304 2396 1346 2437 2.
1375 2392 1432 2444 ΙΙ,
1454 2396 1522 2444 12,
1545 2392 1586 2437 5.

162 2450 239 2499 14,
259 2452 300 2492 2.
331 2449 404 2488 sed
424 2448 496 2488 hic
513 2449 743 2489 Eleusinius
764 2449 856 2490 fuit.
895 2448 1237 2490 Schwenckiusl.
1259 2463 1294 2491 e.
1311 2463 1463 2491 nomen
1481 2453 1587 2500 Δυς-

163 2502 295 2572 αύλης
313 2506 581 2560 depravatum
606 2507 846 2547 existimans
872 2506 919 2546 in
940 2503 1146 2561 Διςαυλης
1169 2508 1416 2548 mutandum
1436 2514 1586 2559 censet,
1628 2538 1630 2541 v

161 2570 211 2603 ut
230 2564 284 2604 sit
308 2564 373 2603 bis
393 2573 555 2607 aratus.
583 2566 658 2605 sed
680 2567 732 2605 cf.
753 2566 846 2606 adn.
870 2565 921 2605 ad
931 2564 984 2616 ΙΙ,
1010 2568 1077 2617 14,
1099 2569 1141 2610 2.
1167 2562 1415 2636 Δαμυθαλης
1436 2566 1586 2619 vulgo;

160 2621 352 2669 Kuhuius
383 2628 425 2663 et
456 2622 748 2663 Schwenckius
775 2624 805 2664 1.
837 2637 873 2664 c.
903 2596 1107 2663 maiebant
1137 2620 1406 2695 Δαμοθάλης.
1446 2620 1588 2679 ἐποιή-

162 2691 288 2721 σαντο
320 2696 396 2734 μεν
413 2676 634 2749 Δήμητρος
663 2679 763 2724 ναὸν
797 2681 982 2735 (θέσθαι
1013 2680 1059 2723 δὲ
1088 2678 1173 2723 ὑπὸ
1199 2684 1260 2739 τῷ
1289 2697 1377 2736 ορει
1403 2684 1459 2740 τῇ
1477 2685 1587 2724 Κυλ-

162 2733 296 2793 λήνῃ)
330 2751 629 2804 κατεστησαντο
653 2737 699 2781 δὲ
727 2755 765 2781 κ.
788 2756 820 2781 τ.
842 2742 875 2781 λ.
924 2739 1117 2792 Vulgata,
1148 2753 1252 2793 quae
1273 2746 1411 2780 tamen
1431 2733 1591 2795 paren-¹

161 2793 324 2847 theseos
344 2796 471 2850 siguis
493 2803 605 2840 earet
625 2812 648 2838 a
668 2797 790 2840 Facio
819 2796 1033 2852 adhibitis,
1061 2803 1104 2843 et
1124 2803 1218 2854 post
1234 2794 1430 2897 Κυλλήνῃ
1451 2797 1584 2840 nisio-⁶
