1676 3172
126 221 209 268 152
574 222 1076 267 ADNOTATIONES
1139 222 1142 226 ’

132 339 338 391 nauigkeit
356 338 574 380 vei-fabren
590 336 664 392 ist,
685 354 728 382 u.
745 340 810 381 die
821 340 1092 383 Abschreiber
1107 341 1240 382 haben
1258 341 1349 384 hier
1368 342 1432 385 die
1448 336 1551 384 vest

132 398 315 449 wirrung
345 398 564 437 vemnelwt.
623 400 680 440 Er
707 399 815 453 giebt
849 401 925 440 auf
946 400 1097 442 seinem
1116 402 1239 454 wege
1265 416 1350 442 von
1374 403 1563 456 Kyllene⁴

132 455 240 495 nach
259 456 387 509 Dyme
407 455 542 495 nichts
564 457 624 496 als
643 458 759 498 einen
781 458 946 513 Tempel
969 459 1040 500 der
1058 458 1243 500 Minerva
1261 459 1366 500 nahe
1384 458 1454 500 am>
1467 456 1549 500 'Lea

131 513 234 554 risos
258 515 347 552 an“
377 514 502 567 magis
526 515 674 555 iactata
704 530 826 570 quam
852 517 1047 557 meditata
1073 517 1268 558 videntur
1296 532 1392 558 esse.
1423 519 1475 558 cf.
1497 517 1552 557 ad

133 570 208 622 VI,
231 575 299 615 26.
322 578 426 612 extr.
475 572 608 613 Verba
623 571 826 629 Δυμαίοις
839 597 898 605 --
916 574 986 617 καὶ
1011 572 1384 631 ffyoelfmrepetivit
1399 571 1452 616 ex
1468 575 1551 616 hoc

134 630 227 670 loco
250 629 476 684 Stephanus
497 631 595 684 Byz.
624 645 664 672 v.
684 630 821 687 Δύμη.
852 627 1017 688 ἀρχαῖος
1035 633 1164 687 Mosq.
1192 633 1431 689 Δινδυμένη
1457 648 1558 674 ma·-

131 693 195 728 ter
224 688 347 727 deum
377 688 485 728 dicta
508 689 560 728 de
578 690 793 743 DinaZymo
823 697 985 743 monte,
1019 691 1091 745 qui
1118 691 1258 746 biceps
1285 693 1365 732 fuit
1392 699 1432 732 et
1454 691 1552 732 inde

132 746 364 786 nominatus
397 753 469 786 est.
497 761 539 788 v.
559 748 652 789 adn.
682 749 734 788 ad
753 749 789 801 I,
819 752 869 801 4,
894 750 934 794 5.
950 764 1002 804 Ρ.
1026 753 1094 794 20.
1124 756 1166 790 et
1186 751 1362 806 Etymol.
1379 751 1434 791 M.
1453 754 1551 806 276.

133 804 238 856 Ergo
258 805 307 843 de
325 804 407 844 hoc
423 813 563 846 monte
579 807 756 859 duorum
774 808 1028 848 cacuminum
1043 815 1191 848 vocata
1211 814 1272 848 est
1288 809 1410 848 deum
1421 814 1553 848 mater

132 869 174 909 et
202 861 463 915 Dindymene
493 872 531 903 et
557 865 778 919 Agdisti33
828 866 878 906 de
909 880 992 920 quo
1021 867 1150 906 altero
1178 866 1345 906 nomino
1381 867 1434 907 cf.
1466 866 1553 906 He-

133 921 296 974 sychius
315 921 356 961 h.
375 936 416 961 v.
440 929 480 961 et
501 923 592 963 adn.
613 923 667 963 ad
685 924 724 976 I,
750 928 799 976 4,
818 925 856 969 5.
874 921 1025 978 ’Ἁττης
1052 939 1177 979 supra
1199 925 1240 977 1,
1261 928 1312 976 4,
1334 926 1375 970 6.
1395 917 1553 964 ''scit-ibi-

131 985 201 1019 tur
216 977 352 1029 ’'Awg.
393 979 581 1021 Kulmius
600 982 835 1035 adnotavit,
867 982 1119 1037 Stephanum
1134 983 1304 1037 Nigrum
1323 982 1465 1036 legisse
1483 981 1554 1034 vi-

133 1036 221 1077 deri
238 1034 360 1080 οὐδὲν
381 1034 470 1089 οἷός
486 1054 528 1080 τε
545 1034 623 1093 ἦν,
644 1036 879 1096 α’πόρῤητον
898 1037 948 1084 ὂν
963 1041 1005 1091 ἐς
1023 1037 1172 1093 αὐτόν,
1201 1041 1377 1097 ἐξευρεῖν
1384 1073 1397 1093 ,
1428 1053 1561 1096 quum⁴

100 1107 112 1115 ·
130 1094 187 1139 ita
204 1095 277 1136 ille
295 1110 315 1135 e
331 1097 529 1136 Pausania
555 1099 785 1153 scripserit:
816 1101 892 1154 qui
909 1108 1050 1139 autem
1072 1107 1172 1140 esset
1191 1100 1314 1140 Attes
1334 1112 1554 1154 nunquam

124 1156 240 1207 potis
250 1156 354 1206 fui,
377 1169 509 1208 quum
529 1155 578 1195 id
594 1171 800 1197 arcannm
819 1166 937 1209 esset,
953 1159 1164 1212 percipere
1170 1173 1185 1208 ,·
1216 1170 1384 1212 eamque
1404 1157 1553 1197 lectio-

131 1227 223 1257 nem
253 1214 405 1253 fatetur
426 1214 503 1252 sibi
524 1215 645 1255 valde
671 1217 856 1270 placere,
885 1230 1088 1270 suumque
1109 1215 1189 1255 hoc
1211 1215 1410 1255 iudicium
1431 1214 1564 1255 Facio·

133 1271 325 1324 probavit
349 1286 396 1310 ac
416 1273 637 1326 Clavierio,
670 1288 844 1328 quorum
862 1275 1068 1328 posterior
1087 1274 1207 1313 etiam
1228 1274 1272 1312 in
1290 1273 1476 1313 versione
1495 1274 1554 1313 il-

130 1329 206 1370 lud
223 1335 416 1382 sequutus
440 1336 511 1370 est.
571 1331 649 1371 Sed
668 1332 771 1371 mihi
793 1332 957 1385 quidem
979 1332 1079 1371 haec
1099 1331 1223 1371 lectio
1243 1331 1408 1371 videtur
1425 1330 1554 1373 menti

126 1400 352 1441 repugnare
370 1388 611 1440 Pausaniae,
643 1385 714 1442 qui
735 1404 857 1443 quum
887 1390 1058 1430 dixisset
1085 1404 1151 1440 se,
1180 1389 1292 1442 quod
1313 1390 1432 1429 Attae
1457 1403 1554 1443 spe-

131 1451 215 1485 ctat
240 1446 456 1498 originem,
491 1447 599 1486 nihil
625 1448 807 1501 reperire
829 1448 1015 1502 potuisse
1044 1447 1156 1500 quod
1184 1461 1379 1486 arcanum
1408 1460 1480 1487 seu
1507 1447 1554 1486 in

128 1499 479 1558 mysteriis-“situm
499 1511 622 1555 esset,
647 1507 775 1546 refert
793 1506 906 1559 quod
921 1506 1212 1546 Hermesianax
1235 1505 1286 1545 de
1302 1505 1387 1544 eius
1409 1518 1554 1558 genere

131 1563 325 1660 tradidik
353 1569 393 1601 ct
420 1563 565 1602 deinde
590 1563 706 1604 addit
731 1560 856 1619 λόγον
885 1560 1103 1617 ἐπιχώριον
1123 1563 1478 1604 Pessinuntiorum·
1502 1563 1554 1604 de

128 1621 272 1662 eodem
325 1626 408 1671 tta,
441 1627 481 1661 et
504 1621 712 1675 quomodo
731 1628 853 1661 natus
882 1627 1004 1675 atque
1028 1627 1292 1662 conservatus
1314 1621 1381 1662 sit.
1441 1620 1554 1662 Haec

127 1679 251 1730 igitur
269 1679 319 1718 de
333 1679 428 1719 Atta
447 1693 618 1719 narrans
640 1680 844 1734 quomodo
862 1681 998 1720 dicere
1014 1680 1174 1734 potuit,
1195 1693 1239 1719 se
1258 1679 1349 1734 quis
1369 1679 1443 1720 ille
1458 1680 1558 1720 fise-

125 1737 183 1779 rit
214 1751 426 1790 nunquam
459 1739 642 1792 potuisse
678 1739 910 1792 percipere,
954 1753 1080 1792 quum
1107 1738 1153 1778 id
1188 1751 1383 1778 arcanum
1414 1737 1555 1778 esset?

125 1795 243 1836 Adde
262 1796 375 1849 quod
391 1809 491 1850 quae
509 1797 705 1836 continuo
727 1803 956 1850 sequuntur
974 1793 1076 1838 ἅλλοὶ
1088 1791 1403 1851 Ἑρμησιάνακτι
1421 1812 1458 1839 κ.
1470 1811 1504 1839 τ.
1515 1798 1567 1838 λ.-

129 1860 179 1894 ut
198 1868 291 1894 cum
310 1854 387 1893 ista
411 1855 586 1894 lectione
608 1869 754 1909 parum
777 1861 1030 1908 congruunt,
1058 1855 1113 1894 ita
1138 1869 1233 1894 cum
1254 1854 1429 1908 Vulgata
1450 1854 1556 1895 bene

130 1913 382 1967 conspirant.
438 1913 578 1967 Neque
607 1914 813 1953 Arnobius
846 1914 939 1953 adv.
968 1919 1074 1967 gent.
1104 1912 1164 1964 V,
1194 1927 1236 1967 p.
1264 1917 1361 1958 184.
1387 1919 1555 1953 nostrae

127 1970 262 2016 obstat
278 1971 521 2022 sententiae;
560 1986 661 2024 quae
683 1972 791 2011 enim
810 1971 882 2011 ille
901 1971 1003 2011 dicit
1019 1986 1071 2022 ex
1085 1971 1242 2010 intimis
1263 1977 1379 2011 eruta
1395 1977 1554 2025 myste-

125 2028 221 2081 riis,
254 2043 299 2070 ea
322 2043 509 2082 magnam
530 2030 699 2070 deorum
720 2036 893 2070 matrem
910 2029 1077 2083 eiusque
1097 2043 1210 2069 sacra
1228 2035 1426 2083 spectant.
1467 2032 1553 2071 Ka-

126 2090 271 2131 tanes
296 2087 535 2141 Stephanus
563 2089 688 2141 Niger
719 2094 823 2128 teste
858 2087 1026 2128 Kuhnio
1059 2087 1182 2127 habet
1215 2087 1341 2128 Calli.
1382 2085 1555 2143 μητέρος

127 2146 256 2201 Mosq.
286 2148 437 2188 Λυδοῦ
439 2163 458 2196 ς
476 2161 553 2200 pro
572 2148 731 2196 Λυδοῖς
754 2153 794 2186 et
809 2147 858 2188 ἓν
876 2161 954 2201 pro
972 2141 1028 2188 ὗν
1047 2146 1176 2200 Mosq.
1206 2146 1279 2188 καί
1294 2162 1333 2188 τι
1353 2142 1554 2201 ἑπόμενον
1619 2156 1626 2162 ”

127 2201 290 2254 τούτοις
311 2213 347 2244 et
368 2203 541 2257 aliquid
559 2204 629 2243 lais
657 2212 983 2244 consentaneum.
1015 2205 1066 2244 cf.
1091 2204 1144 2244 ad
1162 2204 1277 2255 VIII,
1299 2208 1372 2255 10,
1391 2205 1430 2248 4.
1473 2207 1554 2246 Πε-

128 2266 326 2305 σινοῦντα
350 2263 471 2303 etiam
491 2263 531 2314 Ι,
549 2265 591 2306 4.
626 2265 896 2309 Πεσυνοῦντα
913 2263 1043 2316 Mosq.
1065 2262 1190 2303 vind.
1214 2258 1314 2305 ἄλλὀἒ
1337 2258 1553 2318 ἐπιχώριος

126 2343 187 2352 -—-
212 2317 340 2379 λόγος.
397 2321 520 2361 Hunc
553 2320 679 2360 latius
712 2321 893 2376 explicat
924 2321 1132 2361 Arnobius
1167 2321 1258 2361 adv.
1294 2327 1402 2374 gent.
1430 2321 1479 2360 V.
1507 2334 1567 2374 p.-

129 2382 213 2424 184
233 2394 293 2434 sq.
323 2394 375 2419 ex
393 2393 474 2433 quo
496 2379 590 2418 loco
611 2380 777 2434 excerpi
793 2379 973 2433 placuit,
1006 2394 1108 2434 quae
1131 2385 1275 2419 nostro
1298 2379 1549 2418 illustrando

129 2438 378 2478 videbantur
400 2438 613 2478 inservire.
651 2438 856 2478 Arnobius
873 2438 1000 2490 igitur
1025 2451 1152 2492 quum
1172 2437 1371 2491 Phrygiae
1393 2443 1551 2491 petram

130 2497 334 2549 quandam
357 2503 734 2548 commemorasset,
766 2497 832 2536 cui
850 2510 999 2536 nomen
1013 2495 1171 2550 Agdas
1189 2495 1292 2546 fuit,
1318 2495 1376 2534 ita
1396 2494 1549 2548 pergit:

129 2554 226 2604 „Ex
256 2569 301 2594 ea
325 2555 479 2608 lapides
506 2561 662 2593 sumtos
695 2555 740 2594 in
767 2550 907 2595 orbem
929 2555 1169 2594 mortalibus
1192 2567 1368 2594 vacuum
1390 2553 1549 2592 Deuca-

127 2611 215 2651 lion
239 2612 407 2653 iactavit
426 2619 466 2651 et
483 2611 663 2665 Pyrrha:
699 2625 749 2652 ex
770 2612 917 2667 quibus
939 2627 1033 2652 cum
1054 2612 1223 2653 caeteris
1243 2618 1284 2650 et
1304 2611 1425 2661 haec,
1459 2612 1550 2650 Ma-

124 2683 205 2722 gna
225 2684 325 2723 quae
344 2671 515 2721 dicitur,
547 2670 767 2711 informata
789 2677 849 2710 est
866 2678 1015 2722 mater,
1047 2678 1168 2724 atque
1190 2670 1366 2710 animata
1391 2669 1549 2709 ‹livini-

129 2734 207 2767 tus.
265 2727 381 2768 Hanc
413 2728 456 2767 in
479 2728 632 2768 vertice
652 2729 743 2782 ipso
769 2735 909 2784 petrae
942 2729 1079 2769 datam
1101 2729 1230 2782 quieti
1255 2734 1296 2767 et
1314 2742 1456 2767 somno
1479 2728 1548 2766 in-

132 2786 251 2827 cestis
270 2785 434 2840 Iupiter
475 2786 765 2841 cupiditatibus
801 2786 1031 2843 appetivit..
1072 2787 1173 2828 Sed·
1186 2800 1280 2827 cum
1310 2786 1549 2826 obluctatus
