1682 3172
179 219 239 264 60
492 213 508 252 -’
634 214 1137 260 A'DNOTATIONES

181 336 245 376 los
272 335 422 376 iterum
444 340 644 377 memorat
662 335 723 388 X,
737 337 826 387 16,
847 339 887 380 2.
917 331 1052 378 αλλων
1075 350 1118 378 τε
1145 333 1293 379 εἵνεκα
1321 332 1436 390 cfr-31
1443 339 1536 391 16¹,
1557 335 1598 383 3

183 393 255 437 καὶ
275 390 603 436 δια-ἅλωσνν.
631 394 782 446 videl,
805 398 882 446 16,
907 397 944 438 1.
998 414 1002 418 -
1050 407 1052 410 ·

293 451 335 507 5.
365 457 405 496 2.
469 448 629 494 Τούτου
656 450 701 496 δὲ
731 468 788 494 τω
821 450 878 508 μή
904 448 1136 509 αγωνιστῆν
1157 450 1393 508 γενέσθαι,
1415 438 1542 497 κατὰ
1545 450 1600 495 τα

181 506 287 555 αὕτα
305 508 476 561 Ἠλείοις
493 515 583 561 τοῖς
604 508 742 562 ἄλλοις
759 496 919 583 εἴργετο
949 512 1175 565 Vulg.1n
1206 511 1335 565 Mosq.
1363 517 1433 551 est
1443 507 1601 581 ἄγοντ-

182 565 291 641 στής.
328 570 406 610 Pro
422 572 481 628 τῷ
499 569 741 624 Sylburgius
757 567 824 622 τὸ,
852 576 902 609 ut
917 569 1166 611 constructio
1189 576 1295 610 esset
1312 585 1360 616 το
1382 566 1434 612 δὲ
1449 565 1601 612 τούτου

180 624 414 684 ἀγωνιστήν
443 644 499 682 μη
527 626 744 685 γενέσθαι,
782 628 929 668 Pacius
957 635 1102 670 autem
1121 631 1197 670 τοῦ
1221 627 1347 668 scribi
1371 627 1529 680 voluit,
1560 633 1602 667 et

181 689 259 729 τοῦ
276 687 442 741 scripsit
455 686 625 727 Clavier.
653 686 780 727 Nobis
798 694 934 739 autem
951 687 1166 728 videbatur
1179 703 1236 729 τω
1254 687 1475 727 delendum
1493 700 1602 738 esse5

182 746 372 786 similiter
401 747 458 804 τῷ
493 746 599 785 male
634 745 840 785 intrusum
867 753 928 785 est
957 760 1053 801 cap.
1048 749 1152 798 17,
1179 747 1220 790 4.
1258 751 1379 816 post.
1383 741 1601 817 μετῴκησε.

181 789 440 859 Scripsimus
451 803 581 857 igitur
595 803 641 843 in
654 804 812 844 minore
831 804 1029 845 editione:
1058 800 1207 847 τούτου
1227 801 1272 846 δὲ
1294 798 1410 862 [τῳ]
1415 789 1524 859 μῆ’
1497 819 1599 859 ocym-

172 861 324 934 .νιστῆς
349 862 555 935 γενέσθαι.
582 862 692 902 idem
717 863 877 918 placuit
892 865 1087 904 Porsono.
1125 845 1358 902 Schneider
1376 861 1603 914 corrigebat

183 917 415 978 α’γωνιστῆς
447 921 520 962 sed
549 935 629 977 pro
654 922 767 974 vulg.
805 925 863 980 τῷ
889 922 1054 963 volebat
1076 915 1134 964 τό.
1177 916 1432 987 ἆγωνιστῆς
1430 920 1603 960 -Gluvier

184 994 350 1035 quoque
377 980 544 1035 recepit.
600 980 671 1020 De
685 979 810 1020 huius
843 981 1026 1021 Timonis
1052 986 1208 1032 statua,
1249 985 1291 1020 et
1315 978 1522 1031 victoriis,
1551 985 1603 1027 ,et

184 1053 262 1079 cur
283 1039 476 1079 Isthmica
493 1038 532 1079 ei
552 1052 638 1079 non
664 1038 904 1092 contigerit,
933 1041 984 1082 cf.
1002 1039 1060 1091 V,
1082 1043 1133 1090 2,
1150 1042 1194 1083 4.
1229 1037 1408 1079 Ibidem
1402 1051 1530 1109 pars
1527 1039 1604 1080 τοῦ

183 1097 228 1148 ἐς
251 1093 379 1140 αυτόν
407 1093 709 1154 ἐπιγράμματος
738 1099 862 1138 allata
890 1105 962 1139 cst.
1012 1069 1231 1150 Vulg'atam
1247 1097 1463 1147 Αἰτωλοῖς
1475 1112 1604 1140 αυτον

184 1155 255 1199 ἐπὶ
277 1158 462 1214 στρατείᾳ
491 1161 699 1211 μετασχεῖν
727 1157 795 1199 ἐπὶ
819 1154 1049 1207 Θεσσαλους
1068 1156 1184 1196 haud
1209 1155 1332 1196 dubie
1352 1160 1602 1209 corruptam,

184 1214 332 1254 Facius
352 1215 647 1255 defendendam
663 1216 866 1269 suscepit,
888 1223 1039 1270 putans
1058 1215 1126 1257 ἐπὶ
1143 1216 1330 1274 στρατεία
1344 1214 1500 1255 dictum
1520 1227 1604 1254 osse

184 1287 262 1328 pro
289 1274 505 1327 στρατείας.
554 1274 680 1325 Magis
709 1281 845 1314 autem
866 1274 1093 1315 audiendus
1115 1257 1318 1313 Kuhnius
1331 1279 1413 1324 est,
1431 1272 1534 1327 qui
1530 1272 1605 1313 vel

184 1332 484 1387 ἐπιστρατείας,
510 1332 579 1371 vel
597 1333 769 1372 deleto'
752 1332 818 1375 επὶ
845 1323 1088 1386 simpliciter
1115 1333 1321 1398 στρατείας
1342 1331 1605 1371 scribendum

186 1391 360 1430 censuit.
390 1392 442 1430 cf.
462 1404 496 1429 c.
517 1394 594 1441 17,
619 1394 658 1434 8.
691 1391 880 1431 Clavieni
904 1391 1143 1431 coniectum
1162 1390 1276 1430 haud
1298 1390 1357 1430 ita
1378 1389 1603 1444 probabilis

185 1455 267 1490 est:
310 1449 366 1491 ἔτι
393 1449 613 1502 στρατείας.
652 1449 747 1489 Vox
770 1449 1023 1506 ἐπιστρατεία
1053 1455 1114 1489 est
1138 1463 1224 1503 cap.
1245 1453 1292 1500 2,
1329 1453 1366 1491 1.
1395 1448 1602 1500 Vfl1‚25‚

187 1511 228 1553 8
247 1510 325 1559 42,
346 1510 389 1552 4-
417 1508 498 1558 IX,
520 1511 599 1558 14,
622 1511 660 1551 1.
691 1507 950 1580 ἐπιστρατηΐη
973 1507 1086 1562 apud
1105 1507 1300 1548 Heiodot.
1325 1508 1406 1559 IX,
1427 1511 1467 1551 3.

302 1564 343 1620 5-
364 1570 404 1610 3.
426 1571 468 1605 et
484 1569 525 1609 4.
553 1563 692 1620 Ἡμὲν
709 1562 940 1639 Ἀντίγονον
958 1566 1380 1618 etc.,‚Scr1bendum
1399 1579 1488 1607 esse
1499 1572 1604 1620 puto

148 1668 150 1673 ,
185 1626 242 1683 τῇ
267 1623 366 1679 μὲν,
394 1631 443 1664 ut
467 1624 715 1696 respondeat
743 1628 796 1683 τῇ
819 1623 863 1667 δὲ
887 1623 1003 1692 ἑτέρα
1031 1628 1116 1667 τῶν
1145 1625 1328 1680 χειρων“
1356 1625 1539 1676 Pacius,
1550 1631 1606 1663 et
1669 1655 1672 1658 .

186 1697 283 1724 ecce
306 1683 416 1722 Clav'
393 1697 466 1723 ier
483 1686 534 1741 τῇ
552 1681 626 1737 μὲν
643 1679 878 1738 Ἀντίγονον
887 1683 1083 1750 scripsit,
1114 1684 1231 1723 male.
1270 1683 1313 1723 Si
1339 1683 1447 1723 enim
1471 1683 1602 1723 sumi-

186 1757 301 1794 mus,
329 1756 469 1782 velam
491 1755 578 1781 esse
597 1740 706 1781 hanc
726 1742 1038 1794 correctionem,
1069 1742 1275 1796 sequitur,
1305 1748 1355 1781 ut
1372 1748 1507 1782 totum
1523 1741 1604 1781 hoc
1652 1766 1653 1770 =

186 1800 452 1841 enunciatum
469 1816 519 1858 τῃ
547 1798 621 1854 μὲν
641 1796 877 1874 ’Λντίγονον
890 1824 949 1832 --
975 1803 1236 1854 στεφανοῦσα
1255 1796 1376 1844 αυτὸν
1396 1814 1481 1841 non
1503 1810 1611 1855 pos-¹

186 1860 243 1900 sit
265 1859 346 1899 nisi
375 1859 428 1899 ad
455 1842 710 1899 subiectum³
702 1863 809 1909 Ηλις
831 1860 997 1910 referri;
1037 1865 1081 1898 at
1108 1870 1207 1899 vero
1231 1859 1315 1899 hoc
1334 1859 1452 1899 nullo
1480 1862 1611 1914 pacto

185 1918 278 1959 fieri
299 1924 455 1974 potest,
487 1932 615 1972 quum
636 1917 750 1958 illico
771 1919 935 1958 dicatm
950 1936 981 1973 η
968 1915 1043 1960 δὲ
1050 1912 1167 1967 ῗΗλις
1185 1914 1426 1974 Δημήτριον
1446 1940 1500 1948 --
1521 1930 1604 1960 στε-

187 1980 404 2030 φανοῦσα·
443 1990 607 2017 necesse
633 1977 760 2029 igitm
786 1983 866 2028 est,
896 1983 964 2028 ut,
995 1976 1107 2030 quod
1139 1976 1189 2016 de
1209 1976 1415 2032 Antigono
1442 1983 1483 2016 et
1502 1975 1602 2016 Phi-

187 2036 304 2091 lippo
325 2041 519 2075 coronato
541 2041 755 2087 narratur,
784 2035 991 2090 pertineat
1007 2035 1060 2074 ad
1077 2035 1304 2074 subiectum
1315 2030 1478 2084 Ἑλλάς·
1508 2049 1604 2074 nam

186 2092 328 2145 Ἕλλας
353 2094 507 2134 dicitur
526 2094 777 2147 Antigonum
803 2100 845 2133 et
864 2093 1125 2148 Philippum,
1156 2088 1270 2144 Ηλις
1295 2100 1431 2133 autem
1455 2093 1602 2133 Deme-

189 2154 317 2193 trium
334 2153 607 2201 coronavisse.
653 2152 776 2202 Quod
793 2166 920 2205 quum
939 2153 1200 2192 manifestum
1218 2152 1295 2204 sit,
1328 2152 1478 2209 corrigi
1497 2166 1564 2192 sci
1565 2152 1603 2190 i-
1650 2186 1654 2190 s

189 2211 313 2266 bique
333 2225 420 2251 non
446 2211 588 2251 debuit
606 2214 660 2269 τῇ
687 2209 762 2266 μὲν
786 2207 1031 2266 Ἀντίγονον.
1091 2183 1358 2251 Concediriius
1382 2206 1562 2264 quidem
1575 2209 1605 2265 ἡ

189 2269 266 2326 μὲν
284 2267 516 2324 Ἀντίγονον
536 2286 572 2311 κ.
592 2284 626 2311 τ.
648 2273 682 2311 λ.
714 2269 872 2320 dictum
900 2282 984 2309 csse
1003 2282 1101 2323 pro:
1141 2269 1172 2324 ἦ
1190 2267 1264 2324 μὲν
1283 2273 1365 2311 τῶν
1385 2271 1534 2339 χειραῖν
1550 2267 1606 2338 τῇ

191 2327 267 2384 μὲν
281 2325 517 2383 ’.Αντίγονον
536 2350 590 2359 -
607 2331 660 2386 τῇ
677 2325 760 2369 δὲ
741 2326 855 2385 ετέρα
869 2324 941 2370 τον
961 2329 1170 2371 Φίλιππον
1189 2331 1447 2381 στεφανοῦσα
1464 2323 1602 2369 αὐτόν·

191 2388 264 2428 sed
284 2387 344 2426 ita
365 2387 653 2440 corrigendum
669 2401 754 2426 esse
773 2400 976 2439 negamus·
1007 2385 1032 2428 ὁ
1058 2385 1133 2440 μὲν
1154 2400 1271 2440 saepe
1292 2386 1473 2442 affinis-isse
1494 2387 1603 2425 Pau-

194 2445 369 2497 saniam,
408 2446 548 2485 notius
575 2451 638 2485 est
668 2459 790 2499 quam
810 2451 859 2484 ut
889 2445 1064 2485 dicatur.
1106 2445 1156 2485 cf.
1181 2445 1272 2484 adn.
1300 2445 1351 2484 ad
1367 2445 1440 2494 lv,
1463 2447 1538 2494 30,
1563 2447 1603 2488 4.

191 2505 253 2544 >De
283 2505 465 2545 Graecia
491 2504 741 2557 Antigonum
770 2509 811 2542 et
835 2503 1071 2558 Philippum
1099 2509 1319 2543 coronante
1350 2503 1400 2542 cf.
1425 2474 1604 2555 lVIagzisin

194 2563 458 2617 cncycloped.
475 2562 561 2603 red.
581 2577 658 2617 par
674 2562 820 2603 Mfflin.
838 2561 859 2601 J
863 2562 1002 2602 anvier
1021 2565 1144 2607 1808.
1165 2577 1206 2616 p.
1225 2565 1281 2606 46
1302 2575 1361 2614 sq.
1411 2561 1605 2601 Similiter
1678 2559 1682 2563 “

195 2621 241 2659 in
255 2621 424 2661 Pausan.
442 2623 502 2673 X,
524 2623 601 2673 15,
619 2625 660 2665 4.
699 2620 825 2674 Libya
855 2627 1024 2660 coronat
1038 2621 1224 2670 Battum,
1254 2619 1467 2659 Ecechiria
1489 2618 1603 2673 Iphi—

196 2685 286 2719 tum
305 2679 361 2729 V,
387 2683 461 2732 10,-
484 2684 524 2724 3.
565 2680 625 2720 De
649 2679 730 2720 hoc
750 2678 964 2733 Antigono
992 2680 1045 2719 cf.
1068 2680 1184 2719 Paus.
1205 2678 1298 2729 VH,
1328 2681 1380 2728 7,
1409 2682 1460 2730 2,
1491 2684 1532 2718 et
1555 2678 1606 2717 de

198 2737 368 2777 summis
406 2738 656 2790 honoribus,
700 2738 848 2792 quibus
883 2738 929 2776 iu
963 2737 1071 2777 ludis
1096 2736 1294 2778 Nemeicis
1330 2736 1380 2775 ab
1418 2735 1606 2776 omnibus

199 2794 370 2838 Achaeis
399 2795 569 2839 affectus
598 2804 679 2851 est,
709 2796 853 2851 Polyb.
871 2796 931 2848 11,
950 2799 1028 2849 70,
1051 2798 1091 2841 4.
1114 2797 1153 2840 5.
1200 2795 1257 2835 Dc
1285 2794 1366 2835 hoc
1394 2796 1603 2835 Demetrio
