1682 3172
136 236 221 282 104
596 230 1106 275 ADNOTA'HONES

139 363 216 408 pro
237 348 397 394 Σκαιοῖν
413 349 542 404 Mosq.
569 350 741 405 δηλοῦσι
758 365 794 392 κ.
810 363 845 392 τ.
865 352 901 391 λ.
932 348 1058 390 Hunc
1072 350 1212 391 locum
1230 349 1314 390 duo
1327 347 1413 396 ‚viri
1431 354 1472 390 et.
1491 346 1567 389 ad—

139 409 274 451 dendo
307 417 348 450 et
379 409 469 450 den
471 409 628 448 abendo
659 409 929 479 depiavatum
944 415 1137 464 putantes
1165 408 1455 461 corrigendum
1472 421 1566 448 sus-

139 475 358 523 ceperunt:
411 467 674 522 Goldhageno
712 468 820 508 enim
853 462 930 521 οὐχ
954 475 1049 508 ante
1080 465 1228 523 ἥκιστα
1258 465 1479 517 delendum
1500 464 1568 506 vi-

139 527 333 579 debatur,
374 533 423 567 ut
451 541 592 567 sensus
626 532 748 566 esset.
805 525 942 577 „Dass
969 527 1026 566 sie
1055 541 1110 566 zu
1141 527 1270 580 Argos
1306 511 1424 565 nicht
1441 524 1570 584 lange

138 586 369 639 geblieben,
396 586 451 625 ist
482 585 589 634 auch
620 585 747 625 ‹lamit
770 584 1014 636 angedeutet
1038 586 1235 636 worden,
1270 584 1362 623 dass
1381 565 1571 623 Archan-

138 645 211 684 dei
241 644 382 684 seinen
409 642 523 684 Sohn
546 642 791 684 Metanastes
822 643 928 698 (den
959 644 1246 685 Vertriehenen
1273 640 1366 681 und
1393 640 1571 681 Flaclzt-

138 702 258 758 ling)
282 709 448 742 nannte.
458 703 485 724 “
542 702 634 742 Hoc
657 701 912 756 apertissime
932 708 1091 757 pugnat
1113 716 1208 742 cum
1228 700 1454 742 Pausaniae
1475 713 1571 740 scn-

135 762 285 813 tentia,
319 761 391 815 qui
419 760 616 803 continuo
644 761 703 800 ila
733 760 888 815 pergit:
933 758 1203 814 δυνηθέντων
1232 758 1278 802 δὲ
1304 759 1348 801 ἕν
1369 774 1412 801 τε
1430 756 1572 814 ’Ἀργει

136 818 209 862 καὶ
236 820 519 875 Λακεδαίμονι
551 835 636 862 των
666 815 836 874 Ἀχαιοῦ
863 820 1046 862 παίδων·
1101 833 1196 872 eigo
1231 822 1473 861 manserunt
1498 816 1570 856 ibi.

131 878 215 941 {lic
240 879 382 934 posuit
406 879 588 933 scriptor
614 877 744 931 Argos
773 883 814 917 et
832 878 1198 945 Lacedaemonem,
1233 882 1352 920 antea
1382 881 1570 915 tantum-

135 937 260 977 modo
283 937 435 991 Argos,
465 937 536 978 sed
552 937 699 977 latioie
719 936 898 988 ambitu,
926 937 997 991 qui
1012 936 1359 977 Lacedaemonem
1379 947 1570 988 compre-

133 994 344 1036 henderet.
385 995 586 1047 Oebalus,
619 996 724 1050 Spai
726 1001 789 1035 tae
809 1009 886 1035 rex
904 994 1213 1050 Gorgophonen
1231 1008 1286 1034 ex
1306 991 1535 1047 Argolide
1522 1005 1570 1032 in

134 1061 242 1094 mati
244 1069 443 1094 imomum
463 1027 650 1094 duxei-at.
709 1054 844 1094 Huius
865 1053 977 1094 filius
998 1054 1239 1108 Tyndareus
1262 1052 1370 1092 filias
1390 1056 1570 1106 nuptum

135 1112 252 1153 dedit
273 1114 638 1167 Clytaemnestram
658 1112 976 1166 Agamemnoni,
1013 1113 1212 1153 Helenam
1239 1110 1448 1162 Menelao,
1494 1109 1569 1163 qui

135 1170 217 1211 duo
237 1172 382 1212 siatres
402 1171 531 1225 Argos
560 1178 600 1211 et
617 1171 863 1211 Laconicam
885 1178 1154 1226 acceperunt,
1187 1184 1291 1225 quae
1312 1183 1440 1223 regna
1461 1166 1571 1209 Ore·

128 1236 216 1277 stes
249 1230 475 1270 coniunxit.
537 1230 678 1280 Quid?
709 1230 823 1284 quod
847 1229 1105 1270 Stesichoius
1133 1244 1181 1269 ac
1205 1228 1434 1269 Simonides
1458 1227 1569 1280 Aga-

134 1289 360 1328 memnonis
382 1289 534 1342 regiam
554 1290 600 1328 in
619 1290 790 1343 Spartae
809 1289 911 1328 urbe
940 1290 1198 1329 collocarunt
1216 1293 1320 1327 teste
1339 1286 1570 1337 Scholiasta

135 1347 187 1386 ad
207 1347 352 1401 Euiip.
374 1348 506 1387 Oicst.
526 1350 596 1392 46.
655 1347 773 1387 Alter
795 1346 967 1387 1Ποιιιιιι
993 1347 1179 1387 vir·01um
1205 1346 1385 1399 Coiayus
1413 1345 1464 1384 ‹le
1486 1343 1567 1384 hoc

133 1404 229 1445 loc-o
246 1406 327 1444 ita:
365 1406 436 1457 „Il
455 1420 520 1446 me
538 1405 690 1445 semble
708 1419 765 1459 qu
766 1405 812 1444 ’il
833 1406 923 1445 saut
942 1405 1018 1445 lire
1040 1406 1227 1459 Δηλουσι
1250 1402 1294 1445 δὲ
1315 1403 1360 1447 οἱ
1376 1401 1437 1445 ἐν’
1437 1399 1570 1458 Ἀργει

134 1478 235 1504 avec
254 1464 471 1503 l’addition
491 1464 542 1503 do
559 1464 756 1515 l’article‚
789 1464 890 1503 (lans
913 1477 958 1503 ce
976 1478 1084 1503 sens:
1122 1463 1175 1503 Ge
1196 1464 1274 1516 qui
1285 1475 1449 1516 prome
1465 1475 1568 1501 sur-

133 1530 227 1561 tout
247 1538 326 1576 que
347 1523 405 1561 les
422 1522 638 1563 Achaeme
661 1524 808 1561 &colent
839 1537 969 1563 tenus
999 1521 1041 1561 d’
1045 1522 1242 1572 amem-9,
1275 1535 1317 1560 ce
1337 1527 1432 1567 sont
1453 1533 1566 1571 ceux,

134 1583 212 1636 qui
226 1596 246 1619 s·
247 1581 481 1621 ’e'tablirent
501 1582 529 1620 ἁ
546 1581 712 1635 Algos-5
746 1596 821 1620 ca]
840 1578 1070 1622 A1Uclzand1
1072 1595 1146 1632 us,
1173 1580 1265 1618 leur
1284 1578 1400 1632 chef,
1424 1577 1569 1618 donna

135 1639 164 1678 (ὶ
183 1641 350 1693 sonfils·
371 1639 409 1678 le
428 1635 523 1679 nom
543 1640 801 1679 Mbtamwtes
834 1637 1099 1694 [1:1111o1e]“
1158 1638 1343 1679 Primum
1372 1643 1510 1678 autem
1532 1636 1567 1677 si

132 1698 314 1752 legamus
339 1697 383 1741 οἷ
403 1691 455 1740 ἐν
472 1695 613 1754 ’Ἀργει
638 1699 973 1753 καταμείναντες,
1003 1711 1170 1751 necesse
1190 1697 1358 1737 videtur
1380 1707 1488 1748 esse,
1517 1701 1569 1736 ut

134 1757 237 1796 duas
269 1756 488 1798 hominum
516 1755 601 1814 huc
627 1757 912 1811 profectorum
937 1771 1013 1812 pai
1018 1749 1074 1796 tes
1102 1755 1351 1809 cogitemus,
1393 1768 1570 1809 quarum

133 1815 294 1856 altera
281 1830 326 1855 ιιι
344 1804 537 1868 Aigolide
564 1823 603 1855 et
619 1815 820 1855 Laconica
848 1815 954 1855 lares
984 1816 1188 1882 posuerit,
1220 1814 1351 1854 alteia
1370 1813 1567 1855 aliorsum

132 1887 175 1913 se
204 1874 446 1915 contulerit:
489 1874 560 1914 sed
587 1874 664 1914 ista
686 1874 903 1914 divisionis
936 1873 1128 1927 cogitatio
1157 1873 1289 1912 aliena
1310 1879 1372 1912 est
1391 1879 1567 1912 amente

132 1933 366 1973 Pausaniae.
425 1932 582 1974 Deinde
598 1947 684 1973 non
706 1932 976 1986 intelligitur,
1012 1946 1087 1972 cur
1106 1932 1241 1972 verbis
1265 1932 1438 1986 δηλοῦσι
1459 1929 1503 1973 δὲ
1520 1930 1566 1973 ἐν

120 1988 264 2047 ’Ἀργει
285 1992 601 2046 καταμείναντες
629 2005 715 2031 non
740 1991 880 2046 potius
899 1990 1050 2031 Achaei
1071 1990 1205 2030 filios
1194 2004 1304 2044 ipsos
1323 2003 1447 2043 quam
1464 1989 1566 2036 alios

132 2049 355 2116 significari
373 2057 586 2104 putemus,
619 2064 747 2104 quum
777 2050 879 2089 alter
905 2055 1014 2089 certe
1031 2048 1183 2088 Achaei
1211 2049 1343 2100 filius,
1373 2047 1564 2088 A1chan-

135 2107 229 2160 der,
257 2109 303 2148 in
319 2109 401 2148 illis
419 2109 564 2159 fucrit,
597 2109 668 2162 qui
690 2107 920 2161 cogitentur
946 2107 1059 2147 sedes
1082 2107 1140 2147 ibi
1160 2107 1320 2158 fixisse,
1353 2120 1565 2161 quumque

135 2167 313 2221 scriptor
338 2167 425 2221 ipse
446 2167 557 2206 illico
586 2166 704 2207 claris
725 2167 881 2206 indicet
902 2165 1059 2217 verbis,
1090 2172 1311 2219 utrumque
1333 2165 1486 2205 Achaei
1508 2165 1563 2207 fi—

133 2225 237 2264 lium
257 2232 297 2265 et
313 2226 368 2264 ibi
391 2225 586 2265 mansisse
604 2232 644 2265 et
669 2231 834 2265 auctum
854 2238 939 2264 esse
957 2225 1135 2265 viribus:
1167 2223 1436 2278 δυνηθέντων
1453 2221 1497 2266 δὲ
1518 2222 1564 2266 ἕν

133 2290 176 2325 τε
197 2281 340 2339 ’Ἀργει
363 2283 435 2325 καὶ
463 2285 748 2339 Λακεδαίμονι
772 2287 854 2326 τῶν
880 2279 1042 2338 Ἀχαιοῦ
1066 2284 1239 2325 παίδων.
1286 2283 1428 2336 Neque
1459 2296 1560 2322 velo

132 2340 235 2381 haec
262 2342 516 2382 constructio
549 2344 722 2397 δηλοῦσι
750 2343 1064 2396 καταμείναντες
1085 2356 1182 2383 vere
1202 2355 1344 2395 graeca
1376 2355 1462 2381 esse
1482 2355 1562 2381 ne·-

133 2401 218 2453 gari
239 2400 412 2454 poterit:
443 2401 668 2455 praedicati
688 2400 795 2442 enim
815 2402 986 2454 δηλοῦσι
1004 2400 1234 2441 subiectum
1253 2406 1315 2439 est
1332 2399 1374 2442 οἱ
1390 2395 1562 2453 Ἀχαιοῦ

132 2459 297 2508 naides·
336 2466 377 2498 et
396 2460 449 2499 ad
465 2460 574 2499 idem
594 2459 822 2501 subiectum
840 2458 1128 2500 Nominativus
1154 2459 1468 2513 καταμείναντες
1489 2472 1562 2498 re-

134 2517 275 2556 fertur.
308 2518 494 2571 planum
514 2520 697 2570 faciant
727 2533 769 2557 se
806 2519 1021 2558 mansisse.
1081 2517 1237 2558 Similia
1267 2518 1380 2570 δηλῶ
1406 2519 1559 2570 τιμῶν

133 2571 306 2628 πόλεμος
337 2573 511 2629 δηλωσει
541 2578 686 2630 μείζων
716 2573 1000 2632 γεγενημένος·
1048 2571 1196 2630 ἐδήλου
1228 2577 1423 2629 πονηρῶς
1457 2574 1560 2628 ἔχων

132 2646 161 2671 v
150 2634 201 2671 el
215 2647 243 2671 e
261 2634 421 2673 Lexicis
447 2634 585 2686 colligi
603 2642 788 2688 possunt.
847 2636 928 2675 Εισ
904 2649 952 2687 go
983 2635 1121 2674 nullae
1142 2640 1241 2673 sunt
1265 2633 1343 2673 hae
1364 2633 1559 2672 emenda-

133 2690 276 2730 tiones.
309 2687 529 2745 οὕχήκιστα
547 2693 676 2747 Mosq.
708 2700 757 2733 ut
777 2692 856 2744 VI,
879 2696 957 2744 26,
977 2697 1018 2736 4
1050 2705 1299 2760 μεταναστης
1319 2692 1348 2732 1.
1369 2706 1407 2744 q
1429 2689 1558 2746 μέτοι-

131 2765 205 2798 κος
229 2750 306 2803 qui
321 2758 425 2802 pat]
428 2753 474 2789 ι’(ι
500 2752 647 2790 relicta
676 2754 720 2790 in
742 2752 877 2791 aliam
902 2760 1055 2790 terram
1079 2752 1292 2805 migravit.
1332 2750 1386 2789 cs.
1405 2749 1556 2789 Herod.

136 2807 228 2860 VH,
255 2810 350 2853 161.
383 2822 478 2848 cum
505 2809 599 2850 adn
626 2809 759 2851 Schw.
818 2811 877 2851 De
898 2810 1192 2864 significatione
1212 2806 1330 2851 veibi
1351 2804 1560 2852 δύνασθαι
