<?xml version="1.0" encoding="UTF-8"?>
<!DOCTYPE html PUBLIC "-//W3C//DTD XHTML 1.0 Transitional//EN"
    "http://www.w3.org/TR/xhtml1/DTD/xhtml1-transitional.dtd">
<html xmlns="http://www.w3.org/1999/xhtml" xml:lang="en" lang="en">
 <head>
  <title>
</title>
<meta http-equiv="Content-Type" content="text/html;charset=utf-8" />
  <meta name='ocr-system' content='tesseract 3.04.00' />
  <meta name='ocr-capabilities' content='ocr_page ocr_carea ocr_par ocr_line ocrx_word'/>
</head>
<body>
  <div class='ocr_page' id='page_1' title='image "./pausaniaegraecia03pausuoft_0674.png"; bbox 0 0 1676 3172; ppageno 0'>
   <div class='ocr_carea' id='block_1_1' title="bbox 140 237 1110 297">
    <p class='ocr_par' dir='ltr' id='par_1_1' title="bbox 140 237 1110 297">
     <span class='ocr_line' id='line_1_1' title="bbox 140 237 1110 297; baseline -0.001 -1"><span class='ocrx_word' id='word_1_1' title='bbox 140 237 240 297; x_wconf 62' lang='lat'>‹1&#39;7&#39;4</span> <span class='ocrx_word' id='word_1_2' title='bbox 605 251 1110 295; x_wconf 77' lang='lat' dir='ltr'><strong>ADNOTATIONES</strong></span> 
     </span>
    </p>
   </div>
   <div class='ocr_carea' id='block_1_2' title="bbox 146 367 1634 2466">
    <p class='ocr_par' dir='ltr' id='par_1_2' title="bbox 151 367 1590 482">
     <span class='ocr_line' id='line_1_2' title="bbox 154 367 1590 425; baseline 0.002 -17"><span class='ocrx_word' id='word_1_3' title='bbox 154 367 291 409; x_wconf 80' lang='lat' dir='ltr'><strong>stituit</strong></span> <span class='ocrx_word' id='word_1_4' title='bbox 314 367 499 424; x_wconf 62' lang='grc' dir='ltr'><strong>Τριτὰία*</strong></span> <span class='ocrx_word' id='word_1_5' title='bbox 533 367 579 407; x_wconf 87' lang='lat' dir='ltr'><strong>in</strong></span> <span class='ocrx_word' id='word_1_6' title='bbox 597 367 676 408; x_wconf 85' lang='lat' dir='ltr'><strong>hac</strong></span> <span class='ocrx_word' id='word_1_7' title='bbox 694 373 790 409; x_wconf 82' lang='lat' dir='ltr'><strong>vero</strong></span> <span class='ocrx_word' id='word_1_8' title='bbox 809 370 958 424; x_wconf 82' lang='lat' dir='ltr'><strong>pagina</strong></span> <span class='ocrx_word' id='word_1_9' title='bbox 976 370 1218 424; x_wconf 63' lang='lat' dir='ltr'><strong>exemplaris</strong></span> <span class='ocrx_word' id='word_1_10' title='bbox 1235 370 1478 425; x_wconf 70' lang='lat' dir='ltr'><strong>scripmrai&#39;n</strong></span> <span class='ocrx_word' id='word_1_11' title='bbox 1491 383 1564 411; x_wconf 62' lang='lat' dir='ltr'><strong>re·-</strong></span> <span class='ocrx_word' id='word_1_12' title='bbox 1588 393 1590 395; x_wconf 59' lang='lat'>&gt;</span> 
     </span>
     <span class='ocr_line' id='line_1_3' title="bbox 151 427 1565 482; baseline 0.001 -16"><span class='ocrx_word' id='word_1_13' title='bbox 151 428 299 467; x_wconf 85' lang='lat' dir='ltr'><strong>tinuit:</strong></span> <span class='ocrx_word' id='word_1_14' title='bbox 347 433 387 467; x_wconf 85' lang='lat' dir='ltr'><strong>et</strong></span> <span class='ocrx_word' id='word_1_15' title='bbox 406 428 647 481; x_wconf 84' lang='lat' dir='ltr'><strong>scrupulum</strong></span> <span class='ocrx_word' id='word_1_16' title='bbox 670 427 802 468; x_wconf 85' lang='lat' dir='ltr'><strong>iniicit</strong></span> <span class='ocrx_word' id='word_1_17' title='bbox 824 429 951 467; x_wconf 78' lang='lat' dir='ltr'><strong>Tritia</strong></span> <span class='ocrx_word' id='word_1_18' title='bbox 973 430 1150 469; x_wconf 85' lang='lat' dir='ltr'><strong>Tritonis</strong></span> <span class='ocrx_word' id='word_1_19' title='bbox 1175 429 1257 469; x_wconf 84' lang='lat' dir='ltr'><strong>filia</strong></span> <span class='ocrx_word' id='word_1_20' title='bbox 1270 460 1281 480; x_wconf 94' lang='lat'><strong>,</strong></span> <span class='ocrx_word' id='word_1_21' title='bbox 1313 445 1336 469; x_wconf 85' lang='lat' dir='ltr'><strong>a</strong></span> <span class='ocrx_word' id='word_1_22' title='bbox 1362 443 1443 482; x_wconf 74' lang='lat' dir='ltr'><strong>qua</strong></span> <span class='ocrx_word' id='word_1_23' title='bbox 1466 428 1565 468; x_wconf 79' lang='lat' dir='ltr'><strong>huic</strong></span> 
     </span>
    </p>

    <p class='ocr_par' dir='ltr' id='par_1_3' title="bbox 153 486 1566 542">
     <span class='ocr_line' id='line_1_4' title="bbox 153 486 1566 542; baseline 0.001 -18"><span class='ocrx_word' id='word_1_24' title='bbox 153 486 306 539; x_wconf 85' lang='lat' dir='ltr'><strong>oppido</strong></span> <span class='ocrx_word' id='word_1_25' title='bbox 325 500 475 524; x_wconf 87' lang='lat' dir='ltr'><strong>nomen</strong></span> <span class='ocrx_word' id='word_1_26' title='bbox 494 486 730 539; x_wconf 81' lang='lat' dir='ltr'><strong>impositum</strong></span> <span class='ocrx_word' id='word_1_27' title='bbox 759 486 910 526; x_wconf 85' lang='lat' dir='ltr'><strong>dicitur</strong></span> <span class='ocrx_word' id='word_1_28' title='bbox 925 488 1050 542; x_wconf 77' lang='lat' dir='ltr'><strong>paulo</strong></span> <span class='ocrx_word' id='word_1_29' title='bbox 1074 488 1192 528; x_wconf 83' lang='lat' dir='ltr'><strong>infra.</strong></span> <span class='ocrx_word' id='word_1_30' title='bbox 1243 488 1372 541; x_wconf 79' lang='lat' dir='ltr'><strong>·Apud</strong></span> <span class='ocrx_word' id='word_1_31' title='bbox 1390 487 1566 542; x_wconf 83' lang='lat' dir='ltr'><strong>Stepha-</strong></span> 
     </span>
    </p>

    <p class='ocr_par' dir='ltr' id='par_1_4' title="bbox 149 544 1566 602">
     <span class='ocr_line' id='line_1_5' title="bbox 149 544 1566 602; baseline 0.001 -19"><span class='ocrx_word' id='word_1_32' title='bbox 149 557 252 583; x_wconf 81' lang='lat' dir='ltr'><strong>num</strong></span> <span class='ocrx_word' id='word_1_33' title='bbox 273 551 314 583; x_wconf 90' lang='lat' dir='ltr'><strong>et</strong></span> <span class='ocrx_word' id='word_1_34' title='bbox 332 544 549 597; x_wconf 78' lang='lat' dir='ltr'><strong>Polybium</strong></span> <span class='ocrx_word' id='word_1_35' title='bbox 571 545 719 596; x_wconf 73' lang='lat' dir='ltr'><strong>logitul</strong></span> <span class='ocrx_word' id='word_1_36' title='bbox 741 546 923 599; x_wconf 78' lang='grc' dir='ltr'><strong>Τριταία·</strong></span> <span class='ocrx_word' id='word_1_37' title='bbox 931 557 933 560; x_wconf 91' lang='grc'><strong><em>·</em></strong></span> <span class='ocrx_word' id='word_1_38' title='bbox 961 552 1000 585; x_wconf 86' lang='lat' dir='ltr'><strong>et</strong></span> <span class='ocrx_word' id='word_1_39' title='bbox 1025 547 1223 598; x_wconf 80' lang='lat' dir='ltr'><strong>genitivus</strong></span> <span class='ocrx_word' id='word_1_40' title='bbox 1249 547 1436 602; x_wconf 82' lang='grc' dir='ltr'><strong>Τριταίας</strong></span> <span class='ocrx_word' id='word_1_41' title='bbox 1452 551 1566 586; x_wconf 76' lang='lat' dir='ltr'><strong>extat</strong></span> 
     </span>
    </p>

    <p class='ocr_par' dir='ltr' id='par_1_5' title="bbox 151 602 1567 659">
     <span class='ocr_line' id='line_1_6' title="bbox 151 602 1567 659; baseline 0.003 -19.034"><span class='ocrx_word' id='word_1_42' title='bbox 151 602 264 656; x_wconf 73' lang='lat' dir='ltr'><strong>¹1pud.</strong></span> <span class='ocrx_word' id='word_1_43' title='bbox 292 603 549 653; x_wconf 67' lang='lat' dir='ltr'><strong>Strabonem,</strong></span> <span class='ocrx_word' id='word_1_44' title='bbox 606 617 698 642; x_wconf 87' lang='lat' dir='ltr'><strong>cum</strong></span> <span class='ocrx_word' id='word_1_45' title='bbox 728 618 809 656; x_wconf 84' lang='lat' dir='ltr'><strong>qua</strong></span> <span class='ocrx_word' id='word_1_46' title='bbox 843 604 1048 658; x_wconf 78' lang='lat' dir='ltr'><strong>scriptula</strong></span> <span class='ocrx_word' id='word_1_47' title='bbox 1086 605 1272 657; x_wconf 79' lang='lat' dir='ltr'><strong>congruit</strong></span> <span class='ocrx_word' id='word_1_48' title='bbox 1297 604 1447 656; x_wconf 80' lang='lat' dir='ltr'>gentile</span> <span class='ocrx_word' id='word_1_49' title='bbox 1479 606 1567 659; x_wconf 62' lang='lat' dir='ltr'><strong>Tos-</strong></span> 
     </span>
    </p>

    <p class='ocr_par' dir='ltr' id='par_1_6' title="bbox 146 657 1634 2466">
     <span class='ocr_line' id='line_1_7' title="bbox 148 657 1610 717; baseline 0.001 -15"><span class='ocrx_word' id='word_1_50' title='bbox 148 657 289 710; x_wconf 79' lang='grc' dir='ltr'><strong><em>ταιεύς</em></strong></span> <span class='ocrx_word' id='word_1_51' title='bbox 298 662 323 681; x_wconf 86' lang='grc'><strong>“</strong></span> <span class='ocrx_word' id='word_1_52' title='bbox 353 660 608 714; x_wconf 80' lang='lat' dir='ltr'><strong>Sylbmgius.</strong></span> <span class='ocrx_word' id='word_1_53' title='bbox 668 661 814 702; x_wconf 78' lang='lat' dir='ltr'><strong>Facius</strong></span> <span class='ocrx_word' id='word_1_54' title='bbox 847 667 888 700; x_wconf 83' lang='lat' dir='ltr'><strong>et</strong></span> <span class='ocrx_word' id='word_1_55' title='bbox 917 662 1076 702; x_wconf 85' lang='lat' dir='ltr'><strong>Clavier</strong></span> <span class='ocrx_word' id='word_1_56' title='bbox 1104 663 1355 717; x_wconf 83' lang='lat' dir='ltr'><strong>scripserunt</strong></span> <span class='ocrx_word' id='word_1_57' title='bbox 1389 663 1567 717; x_wconf 78' lang='grc' dir='ltr'><strong>Τριταία,</strong></span> <span class='ocrx_word' id='word_1_58' title='bbox 1607 703 1610 706; x_wconf 77' lang='grc'>,</span> 
     </span>
     <span class='ocr_line' id='line_1_8' title="bbox 149 718 1568 774; baseline 0.001 -17"><span class='ocrx_word' id='word_1_59' title='bbox 149 733 224 758; x_wconf 86' lang='lat' dir='ltr'><strong>nos</strong></span> <span class='ocrx_word' id='word_1_60' title='bbox 250 719 435 774; x_wconf 82' lang='grc' dir='ltr'><strong>Τρίταια,</strong></span> <span class='ocrx_word' id='word_1_61' title='bbox 464 725 514 759; x_wconf 84' lang='lat' dir='ltr'><strong>ut</strong></span> <span class='ocrx_word' id='word_1_62' title='bbox 531 720 606 771; x_wconf 89' lang='lat' dir='ltr'><strong>VI,</strong></span> <span class='ocrx_word' id='word_1_63' title='bbox 635 723 710 770; x_wconf 89' lang='grc'><strong>12,</strong></span> <span class='ocrx_word' id='word_1_64' title='bbox 736 724 774 763; x_wconf 94' lang='lat'><strong>3.</strong></span> <span class='ocrx_word' id='word_1_65' title='bbox 807 719 903 774; x_wconf 85' lang='lat' dir='ltr'><strong>(ubi</strong></span> <span class='ocrx_word' id='word_1_66' title='bbox 922 735 963 760; x_wconf 84' lang='lat' dir='ltr'><strong>v.</strong></span> <span class='ocrx_word' id='word_1_67' title='bbox 982 721 1074 759; x_wconf 85' lang='lat' dir='ltr'><strong>adn.</strong></span> <span class='ocrx_word' id='word_1_68' title='bbox 1086 718 1100 773; x_wconf 93' lang='lat'>)</span> <span class='ocrx_word' id='word_1_69' title='bbox 1133 727 1173 760; x_wconf 86' lang='lat' dir='ltr'><strong>et</strong></span> <span class='ocrx_word' id='word_1_70' title='bbox 1192 721 1282 772; x_wconf 86' lang='lat' dir='ltr'><strong>VII,</strong></span> <span class='ocrx_word' id='word_1_71' title='bbox 1301 724 1352 772; x_wconf 89' lang='lat'><strong>6,</strong></span> <span class='ocrx_word' id='word_1_72' title='bbox 1377 724 1414 764; x_wconf 83' lang='lat'><strong>1.</strong></span> <span class='ocrx_word' id='word_1_73' title='bbox 1443 719 1568 774; x_wconf 78' lang='lat' dir='ltr'><strong>Apud.</strong></span> 
     </span>
     <span class='ocr_line' id='line_1_9' title="bbox 150 775 1568 832; baseline 0.001 -16"><span class='ocrx_word' id='word_1_74' title='bbox 150 777 400 831; x_wconf 85' lang='lat' dir='ltr'><strong>Stephanum</strong></span> <span class='ocrx_word' id='word_1_75' title='bbox 423 784 482 817; x_wconf 89' lang='lat' dir='ltr'><strong>est</strong></span> <span class='ocrx_word' id='word_1_76' title='bbox 499 792 590 818; x_wconf 85' lang='lat' dir='ltr'><strong>non·</strong></span> <span class='ocrx_word' id='word_1_77' title='bbox 603 780 727 818; x_wconf 81' lang='lat' dir='ltr'><strong>modo</strong></span> <span class='ocrx_word' id='word_1_78' title='bbox 751 779 937 832; x_wconf 72' lang='grc' dir='ltr'><strong>Τριταία,</strong></span> <span class='ocrx_word' id='word_1_79' title='bbox 957 775 1070 828; x_wconf 77' lang='grc' dir='ltr'><strong><em>πόλις</em></strong></span> <span class='ocrx_word' id='word_1_80' title='bbox 1087 776 1267 832; x_wconf 81' lang='grc' dir='ltr'>Ἀχαΐας,</span> <span class='ocrx_word' id='word_1_81' title='bbox 1287 778 1568 819; x_wconf 69' lang='lat' dir='ltr'><strong>verumetiam</strong></span> 
     </span>
     <span class='ocr_line' id='line_1_10' title="bbox 155 834 1570 891; baseline 0 -15"><span class='ocrx_word' id='word_1_82' title='bbox 155 838 315 890; x_wconf 80' lang='grc' dir='ltr'><em>Τρίτεια</em></span> <span class='ocrx_word' id='word_1_83' title='bbox 336 835 510 875; x_wconf 82' lang='lat' dir='ltr'>Achaiae</span> <span class='ocrx_word' id='word_1_84' title='bbox 530 837 652 889; x_wconf 86' lang='lat' dir='ltr'><strong>urbs,</strong></span> <span class='ocrx_word' id='word_1_85' title='bbox 684 837 755 876; x_wconf 86' lang='lat' dir='ltr'><strong>sed</strong></span> <span class='ocrx_word' id='word_1_86' title='bbox 780 834 848 877; x_wconf 81' lang='grc' dir='ltr'><strong>δια</strong></span> <span class='ocrx_word' id='word_1_87' title='bbox 872 834 950 878; x_wconf 79' lang='grc' dir='ltr'><strong>δύο</strong></span> <span class='ocrx_word' id='word_1_88' title='bbox 977 853 1032 878; x_wconf 83' lang='grc' dir='ltr'><strong>ττ.</strong></span> <span class='ocrx_word' id='word_1_89' title='bbox 1059 844 1098 877; x_wconf 84' lang='lat' dir='ltr'><strong>et</strong></span> <span class='ocrx_word' id='word_1_90' title='bbox 1127 838 1254 891; x_wconf 84' lang='lat' dir='ltr'><strong>apud</strong></span> <span class='ocrx_word' id='word_1_91' title='bbox 1261 837 1496 877; x_wconf 80' lang='lat' dir='ltr'>Ciceronem</span> <span class='ocrx_word' id='word_1_92' title='bbox 1517 836 1570 875; x_wconf 84' lang='lat' dir='ltr'><strong>ad</strong></span> 
     </span>
     <span class='ocr_line' id='line_1_11' title="bbox 150 894 1569 966; baseline 0.001 -33"><span class='ocrx_word' id='word_1_93' title='bbox 150 894 274 934; x_wconf 76' lang='lat' dir='ltr'><strong>Attio.</strong></span> <span class='ocrx_word' id='word_1_94' title='bbox 293 895 370 946; x_wconf 90' lang='lat' dir='ltr'><strong>VI,</strong></span> <span class='ocrx_word' id='word_1_95' title='bbox 397 899 437 938; x_wconf 84' lang='lat'><strong>2.</strong></span> <span class='ocrx_word' id='word_1_96' title='bbox 488 896 642 946; x_wconf 72' lang='grc' dir='ltr'><strong>Τιίιία,</strong></span> <span class='ocrx_word' id='word_1_97' title='bbox 675 895 774 935; x_wconf 84' lang='lat' dir='ltr'><strong>mbs</strong></span> <span class='ocrx_word' id='word_1_98' title='bbox 779 896 1083 966; x_wconf 84' lang='lat' dir='ltr'>Peloponnesi,</span> <span class='ocrx_word' id='word_1_99' title='bbox 1116 910 1249 951; x_wconf 85' lang='lat' dir='ltr'><strong>quae</strong></span> <span class='ocrx_word' id='word_1_100' title='bbox 1239 896 1376 935; x_wconf 79' lang='lat' dir='ltr'>forsan</span> <span class='ocrx_word' id='word_1_101' title='bbox 1397 909 1482 946; x_wconf 79' lang='lat' dir='ltr'><strong>non</strong></span> <span class='ocrx_word' id='word_1_102' title='bbox 1501 895 1569 935; x_wconf 79' lang='lat' dir='ltr'><strong>‹li-</strong></span> 
     </span>
     <span class='ocr_line' id='line_1_12' title="bbox 149 942 1569 1007; baseline 0.001 -15"><span class='ocrx_word' id='word_1_103' title='bbox 149 966 290 992; x_wconf 74' lang='lat' dir='ltr'><strong>veisae</strong></span> <span class='ocrx_word' id='word_1_104' title='bbox 316 954 485 994; x_wconf 71' lang='lat' dir='ltr'><strong>fueiunt</strong></span> <span class='ocrx_word' id='word_1_105' title='bbox 510 969 533 992; x_wconf 87' lang='lat' dir='ltr'><strong>a</strong></span> <span class='ocrx_word' id='word_1_106' title='bbox 563 954 733 994; x_wconf 74' lang='lat' dir='ltr'><strong>T1itaea.</strong></span> <span class='ocrx_word' id='word_1_107' title='bbox 779 948 950 1007; x_wconf 78' lang='grc' dir='ltr'><strong><em>Ἀχαιῶν</em></strong></span> <span class='ocrx_word' id='word_1_108' title='bbox 977 978 1031 984; x_wconf 93' lang='lat'><strong>-—</strong></span> <span class='ocrx_word' id='word_1_109' title='bbox 1057 950 1177 1004; x_wconf 79' lang='grc' dir='ltr'><strong><em>πόλις</em></strong></span> <span class='ocrx_word' id='word_1_110' title='bbox 1204 942 1474 993; x_wconf 78' lang='lat' dir='ltr'><strong>commatibus</strong></span> <span class='ocrx_word' id='word_1_111' title='bbox 1502 953 1569 993; x_wconf 78' lang='lat' dir='ltr'><strong>di-</strong></span> 
     </span>
     <span class='ocr_line' id='line_1_13' title="bbox 150 1010 1570 1067; baseline 0.001 -18"><span class='ocrx_word' id='word_1_112' title='bbox 150 1011 291 1050; x_wconf 76' lang='lat' dir='ltr'><strong>stinxi.</strong></span> <span class='ocrx_word' id='word_1_113' title='bbox 332 1010 451 1067; x_wconf 77' lang='grc' dir='ltr'><strong><em>τέχνῃ</em></strong></span> <span class='ocrx_word' id='word_1_114' title='bbox 483 1013 1026 1053; x_wconf 68' lang='lat' dir='ltr'><strong>Nm.A1d.Francof.sed</strong></span> <span class='ocrx_word' id='word_1_115' title='bbox 1044 1013 1156 1066; x_wconf 83' lang='lat' dir='ltr'><strong>Sylb.</strong></span> <span class='ocrx_word' id='word_1_116' title='bbox 1184 1012 1375 1052; x_wconf 84' lang='lat' dir='ltr'><strong>correxit.</strong></span> <span class='ocrx_word' id='word_1_117' title='bbox 1411 1011 1570 1057; x_wconf 45' lang='lat' dir='ltr'><strong>Vican—</strong></span> 
     </span>
     <span class='ocr_line' id='line_1_14' title="bbox 147 1066 1570 1140; baseline 0.001 -32"><span class='ocrx_word' id='word_1_118' title='bbox 147 1076 219 1108; x_wconf 82' lang='lat' dir='ltr'><strong>tm</strong></span> <span class='ocrx_word' id='word_1_119' title='bbox 222 1083 271 1108; x_wconf 85' lang='lat' dir='ltr'><strong>ne</strong></span> <span class='ocrx_word' id='word_1_120' title='bbox 291 1069 360 1109; x_wconf 84' lang='lat' dir='ltr'><strong>hic</strong></span> <span class='ocrx_word' id='word_1_121' title='bbox 382 1069 578 1122; x_wconf 81' lang='lat' dir='ltr'><strong>distingui</strong></span> <span class='ocrx_word' id='word_1_122' title='bbox 599 1074 739 1125; x_wconf 81' lang='grc' dir='ltr'><strong><em>μνῆμα</em></strong></span> <span class='ocrx_word' id='word_1_123' title='bbox 759 1077 800 1110; x_wconf 84' lang='lat' dir='ltr'><strong>et</strong></span> <span class='ocrx_word' id='word_1_124' title='bbox 819 1066 980 1124; x_wconf 65' lang='grc' dir='ltr'><strong>τάφοςῖ</strong></span> <span class='ocrx_word' id='word_1_125' title='bbox 1032 1071 1256 1111; x_wconf 86' lang='lat' dir='ltr'><strong>Discrimen</strong></span> <span class='ocrx_word' id='word_1_126' title='bbox 1279 1069 1501 1140; x_wconf 74' lang='lat' dir='ltr'><strong>quoddam</strong></span> <span class='ocrx_word' id='word_1_127' title='bbox 1502 1068 1570 1110; x_wconf 76' lang='lat' dir='ltr'><strong>his</strong></span> 
     </span>
     <span class='ocr_line' id='line_1_15' title="bbox 149 1120 1573 1200; baseline 0.002 -32"><span class='ocrx_word' id='word_1_128' title='bbox 149 1128 284 1168; x_wconf 80' lang='lat' dir='ltr'><strong>verbis</strong></span> <span class='ocrx_word' id='word_1_129' title='bbox 313 1128 468 1168; x_wconf 85' lang='lat' dir='ltr'><strong>indicat</strong></span> <span class='ocrx_word' id='word_1_130' title='bbox 495 1127 768 1169; x_wconf 79' lang='lat' dir='ltr'><strong>Phavorinus:</strong></span> <span class='ocrx_word' id='word_1_131' title='bbox 823 1133 987 1199; x_wconf 79' lang='grc' dir='ltr'>μνῆμα,</span> <span class='ocrx_word' id='word_1_132' title='bbox 1018 1134 1238 1200; x_wconf 80' lang='grc' dir='ltr'><strong><em>μνημεῖον,</em></strong></span> <span class='ocrx_word' id='word_1_133' title='bbox 1279 1128 1304 1171; x_wconf 79' lang='grc' dir='ltr'>ὁ</span> <span class='ocrx_word' id='word_1_134' title='bbox 1327 1124 1455 1178; x_wconf 80' lang='grc' dir='ltr'><strong><em>τόπος</em></strong></span> <span class='ocrx_word' id='word_1_135' title='bbox 1477 1120 1573 1178; x_wconf 76' lang='grc' dir='ltr'><strong><em>’ὅλος</em></strong></span> 
     </span>
     <span class='ocr_line' id='line_1_16' title="bbox 149 1184 1573 1256; baseline 0.001 -29"><span class='ocrx_word' id='word_1_136' title='bbox 149 1189 223 1240; x_wconf 85' lang='grc' dir='ltr'><strong>τῆς</strong></span> <span class='ocrx_word' id='word_1_137' title='bbox 242 1189 399 1240; x_wconf 81' lang='grc' dir='ltr'>ταφῆς,</span> <span class='ocrx_word' id='word_1_138' title='bbox 422 1185 443 1228; x_wconf 88' lang='grc' dir='ltr'>ὁ</span> <span class='ocrx_word' id='word_1_139' title='bbox 462 1184 531 1228; x_wconf 76' lang='grc' dir='ltr'>6ιοῖ</span> <span class='ocrx_word' id='word_1_140' title='bbox 549 1204 626 1256; x_wconf 83' lang='grc' dir='ltr'><strong>την</strong></span> <span class='ocrx_word' id='word_1_141' title='bbox 649 1184 816 1242; x_wconf 83' lang='grc' dir='ltr'><em>μνήμην</em></span> <span class='ocrx_word' id='word_1_142' title='bbox 834 1184 1103 1254; x_wconf 84' lang='grc' dir='ltr'><strong><em>φαινόμενος·</em></strong></span> <span class='ocrx_word' id='word_1_143' title='bbox 1133 1184 1268 1242; x_wconf 79' lang='grc' dir='ltr'><strong><em>τάφος</em></strong></span> <span class='ocrx_word' id='word_1_144' title='bbox 1288 1184 1333 1229; x_wconf 80' lang='grc' dir='ltr'><strong>δὲ</strong></span> <span class='ocrx_word' id='word_1_145' title='bbox 1351 1185 1373 1230; x_wconf 82' lang='grc' dir='ltr'><strong><em>ὅ</em></strong></span> <span class='ocrx_word' id='word_1_146' title='bbox 1389 1184 1435 1229; x_wconf 85' lang='grc' dir='ltr'><strong>το</strong></span> <span class='ocrx_word' id='word_1_147' title='bbox 1453 1189 1573 1241; x_wconf 61' lang='lat' dir='ltr'><strong>onium</strong></span> 
     </span>
     <span class='ocr_line' id='line_1_17' title="bbox 149 1241 1572 1301; baseline -0.001 -15"><span class='ocrx_word' id='word_1_148' title='bbox 149 1248 223 1286; x_wconf 86' lang='grc' dir='ltr'><strong>τοῦ</strong></span> <span class='ocrx_word' id='word_1_149' title='bbox 245 1241 495 1298; x_wconf 76' lang='grc' dir='ltr'><strong>τεθνηκότος</strong></span> <span class='ocrx_word' id='word_1_150' title='bbox 516 1241 648 1299; x_wconf 89' lang='grc' dir='ltr'><strong><em>μόνον</em></strong></span> <span class='ocrx_word' id='word_1_151' title='bbox 668 1245 876 1301; x_wconf 81' lang='grc' dir='ltr'><strong><em>πεοιέχων.</em></strong></span> <span class='ocrx_word' id='word_1_152' title='bbox 917 1247 990 1286; x_wconf 83' lang='lat' dir='ltr'><strong>illo</strong></span> <span class='ocrx_word' id='word_1_153' title='bbox 1009 1247 1133 1298; x_wconf 74' lang='lat' dir='ltr'><strong>igitur</strong></span> <span class='ocrx_word' id='word_1_154' title='bbox 1155 1246 1411 1299; x_wconf 84' lang='lat' dir='ltr'><strong>significatur</strong></span> <span class='ocrx_word' id='word_1_155' title='bbox 1434 1259 1572 1286; x_wconf 50' lang='lat' dir='ltr'><strong>mom.-</strong></span> 
     </span>
     <span class='ocr_line' id='line_1_18' title="bbox 150 1303 1594 1360; baseline 0.003 -19"><span class='ocrx_word' id='word_1_156' title='bbox 150 1311 330 1342; x_wconf 74' lang='lat' dir='ltr'><strong>mentum</strong></span> <span class='ocrx_word' id='word_1_157' title='bbox 358 1303 384 1342; x_wconf 88' lang='lat' dir='ltr'><strong>i.</strong></span> <span class='ocrx_word' id='word_1_158' title='bbox 407 1317 440 1343; x_wconf 88' lang='grc'><strong>6.</strong></span> <span class='ocrx_word' id='word_1_159' title='bbox 470 1305 583 1356; x_wconf 84' lang='lat' dir='ltr'><strong>quod</strong></span> <span class='ocrx_word' id='word_1_160' title='bbox 611 1305 765 1344; x_wconf 84' lang='lat' dir='ltr'><strong>mortui</strong></span> <span class='ocrx_word' id='word_1_161' title='bbox 796 1318 917 1344; x_wconf 83' lang='lat' dir='ltr'><strong>causa</strong></span> <span class='ocrx_word' id='word_1_162' title='bbox 947 1305 1203 1344; x_wconf 80' lang='lat' dir='ltr'><strong>aedificatum</strong></span> <span class='ocrx_word' id='word_1_163' title='bbox 1230 1311 1310 1356; x_wconf 82' lang='lat' dir='ltr'><strong>est,</strong></span> <span class='ocrx_word' id='word_1_164' title='bbox 1342 1304 1594 1360; x_wconf 69' lang='grc' dir='ltr'><strong>περίβολος,“</strong></span> 
     </span>
     <span class='ocr_line' id='line_1_19' title="bbox 148 1357 1571 1417; baseline 0.004 -17"><span class='ocrx_word' id='word_1_165' title='bbox 148 1360 230 1400; x_wconf 84' lang='grc'>1106</span> <span class='ocrx_word' id='word_1_166' title='bbox 249 1368 382 1400; x_wconf 82' lang='lat' dir='ltr'><strong>autem</strong></span> <span class='ocrx_word' id='word_1_167' title='bbox 399 1357 567 1414; x_wconf 80' lang='grc' dir='ltr'>πύελος,</span> <span class='ocrx_word' id='word_1_168' title='bbox 598 1359 735 1415; x_wconf 77' lang='grc' dir='ltr'>θήκη,</span> <span class='ocrx_word' id='word_1_169' title='bbox 767 1359 937 1417; x_wconf 72' lang='grc' dir='ltr'>λάρναξ,</span> <span class='ocrx_word' id='word_1_170' title='bbox 969 1378 1082 1403; x_wconf 82' lang='lat' dir='ltr'><strong>arca.</strong></span> <span class='ocrx_word' id='word_1_171' title='bbox 1124 1363 1193 1402; x_wconf 90' lang='lat' dir='ltr'><strong>Sic</strong></span> <span class='ocrx_word' id='word_1_172' title='bbox 1210 1361 1410 1417; x_wconf 77' lang='grc' dir='ltr'>μνῆμαΙ,</span> <span class='ocrx_word' id='word_1_173' title='bbox 1430 1365 1509 1414; x_wconf 83' lang='grc'><strong>37,</strong></span> <span class='ocrx_word' id='word_1_174' title='bbox 1530 1365 1571 1406; x_wconf 70' lang='grc'><strong>4-</strong></span> 
     </span>
     <span class='ocr_line' id='line_1_20' title="bbox 148 1419 1573 1472; baseline 0.001 -14"><span class='ocrx_word' id='word_1_175' title='bbox 148 1419 194 1458; x_wconf 85' lang='lat' dir='ltr'><strong>in</strong></span> <span class='ocrx_word' id='word_1_176' title='bbox 216 1421 381 1458; x_wconf 87' lang='lat' dir='ltr'><strong>Sueton.</strong></span> <span class='ocrx_word' id='word_1_177' title='bbox 400 1420 543 1460; x_wconf 81' lang='lat' dir='ltr'><strong>Octav.</strong></span> <span class='ocrx_word' id='word_1_178' title='bbox 568 1425 634 1465; x_wconf 87' lang='lat'><strong>18.</strong></span> <span class='ocrx_word' id='word_1_179' title='bbox 665 1419 947 1459; x_wconf 74' lang='lat' dir='ltr'><strong>conditorzum</strong></span> <span class='ocrx_word' id='word_1_180' title='bbox 968 1427 1027 1460; x_wconf 84' lang='lat' dir='ltr'><strong>est</strong></span> <span class='ocrx_word' id='word_1_181' title='bbox 1047 1435 1159 1472; x_wconf 83' lang='lat' dir='ltr'><strong>ar,ca</strong></span> <span class='ocrx_word' id='word_1_182' title='bbox 1193 1421 1425 1460; x_wconf 87' lang='lat' dir='ltr'><strong>Casaubono</strong></span> <span class='ocrx_word' id='word_1_183' title='bbox 1454 1420 1573 1459; x_wconf 85' lang='lat' dir='ltr'><strong>aliter</strong></span> 
     </span>
     <span class='ocr_line' id='line_1_21' title="bbox 148 1477 1571 1533; baseline 0.001 -17"><span class='ocrx_word' id='word_1_184' title='bbox 148 1478 456 1531; x_wconf 73' lang='lat' dir='ltr'>interpretante.</span> <span class='ocrx_word' id='word_1_185' title='bbox 497 1479 612 1527; x_wconf 88' lang='lat' dir='ltr'><strong>Quae</strong></span> <span class='ocrx_word' id='word_1_186' title='bbox 629 1479 751 1531; x_wconf 81' lang='lat' dir='ltr'><strong>igitur</strong></span> <span class='ocrx_word' id='word_1_187' title='bbox 768 1478 838 1518; x_wconf 84' lang='lat' dir='ltr'><strong>hic</strong></span> <span class='ocrx_word' id='word_1_188' title='bbox 856 1494 878 1517; x_wconf 81' lang='lat' dir='ltr'><strong>a</strong></span> <span class='ocrx_word' id='word_1_189' title='bbox 897 1477 1012 1519; x_wconf 85' lang='lat' dir='ltr'><strong>Nicia</strong></span> <span class='ocrx_word' id='word_1_190' title='bbox 1030 1479 1142 1533; x_wconf 78' lang='lat' dir='ltr'><strong>picta</strong></span> <span class='ocrx_word' id='word_1_191' title='bbox 1161 1485 1275 1518; x_wconf 86' lang='lat' dir='ltr'><strong>erant</strong></span> <span class='ocrx_word' id='word_1_192' title='bbox 1287 1510 1298 1530; x_wconf 92' lang='lat'><strong>,</strong></span> <span class='ocrx_word' id='word_1_193' title='bbox 1329 1479 1462 1533; x_wconf 86' lang='lat' dir='ltr'>possit</span> <span class='ocrx_word' id='word_1_194' title='bbox 1478 1478 1571 1531; x_wconf 87' lang='lat' dir='ltr'><strong>quis</strong></span> 
     </span>
     <span class='ocr_line' id='line_1_22' title="bbox 149 1533 1572 1590; baseline 0.001 -16"><span class='ocrx_word' id='word_1_195' title='bbox 149 1536 283 1576; x_wconf 82' lang='lat' dir='ltr'><strong>dicere</strong></span> <span class='ocrx_word' id='word_1_196' title='bbox 302 1536 426 1575; x_wconf 87' lang='lat' dir='ltr'><strong>fuisse</strong></span> <span class='ocrx_word' id='word_1_197' title='bbox 445 1535 511 1578; x_wconf 79' lang='grc' dir='ltr'><strong>ἐπὶ</strong></span> <span class='ocrx_word' id='word_1_198' title='bbox 527 1540 603 1578; x_wconf 84' lang='grc' dir='ltr'><strong>τοῦ</strong></span> <span class='ocrx_word' id='word_1_199' title='bbox 622 1533 759 1589; x_wconf 73' lang='grc' dir='ltr'><em>τάφου</em></span> <span class='ocrx_word' id='word_1_200' title='bbox 771 1570 783 1588; x_wconf 92' lang='grc'>,</span> <span class='ocrx_word' id='word_1_201' title='bbox 804 1551 897 1590; x_wconf 87' lang='lat' dir='ltr'><strong>ergo</strong></span> <span class='ocrx_word' id='word_1_202' title='bbox 913 1537 959 1576; x_wconf 87' lang='lat' dir='ltr'><strong>in</strong></span> <span class='ocrx_word' id='word_1_203' title='bbox 977 1551 1070 1577; x_wconf 87' lang='lat' dir='ltr'><strong>arca</strong></span> <span class='ocrx_word' id='word_1_204' title='bbox 1088 1538 1266 1588; x_wconf 84' lang='lat' dir='ltr'><strong>mortui,</strong></span> <span class='ocrx_word' id='word_1_205' title='bbox 1285 1538 1424 1578; x_wconf 78' lang='lat' dir='ltr'>forsan</span> <span class='ocrx_word' id='word_1_206' title='bbox 1439 1536 1572 1576; x_wconf 74' lang='lat' dir='ltr'><strong>fictili.</strong></span> 
     </span>
     <span class='ocr_line' id='line_1_23' title="bbox 150 1594 1574 1649; baseline 0 -16"><span class='ocrx_word' id='word_1_207' title='bbox 150 1595 261 1643; x_wconf 83' lang='lat' dir='ltr'><strong>Quae</strong></span> <span class='ocrx_word' id='word_1_208' title='bbox 278 1594 312 1635; x_wconf 88' lang='lat' dir='ltr'><strong>si</strong></span> <span class='ocrx_word' id='word_1_209' title='bbox 329 1608 426 1634; x_wconf 84' lang='lat' dir='ltr'><strong>vera</strong></span> <span class='ocrx_word' id='word_1_210' title='bbox 443 1601 596 1646; x_wconf 82' lang='lat' dir='ltr'><strong>essent,</strong></span> <span class='ocrx_word' id='word_1_211' title='bbox 628 1600 733 1635; x_wconf 82' lang='lat' dir='ltr'><strong>stare</strong></span> <span class='ocrx_word' id='word_1_212' title='bbox 758 1609 843 1634; x_wconf 87' lang='lat' dir='ltr'><strong>non</strong></span> <span class='ocrx_word' id='word_1_213' title='bbox 863 1602 1051 1648; x_wconf 82' lang='lat' dir='ltr'>possent,</span> <span class='ocrx_word' id='word_1_214' title='bbox 1084 1610 1187 1649; x_wconf 89' lang='lat' dir='ltr'><strong>quae</strong></span> <span class='ocrx_word' id='word_1_215' title='bbox 1205 1596 1256 1635; x_wconf 88' lang='lat' dir='ltr'><strong>de</strong></span> <span class='ocrx_word' id='word_1_216' title='bbox 1275 1595 1416 1635; x_wconf 85' lang='lat' dir='ltr'><strong>eodem</strong></span> <span class='ocrx_word' id='word_1_217' title='bbox 1443 1596 1574 1634; x_wconf 67' lang='lat' dir='ltr'><strong>Nicia</strong></span> 
     </span>
     <span class='ocr_line' id='line_1_24' title="bbox 148 1653 1573 1708; baseline 0.001 -17"><span class='ocrx_word' id='word_1_218' title='bbox 148 1653 514 1692; x_wconf 77' lang='lat' dir='ltr'><strong>Winckelmannus</strong></span> <span class='ocrx_word' id='word_1_219' title='bbox 538 1653 704 1706; x_wconf 85' lang='lat' dir='ltr'>scripsit</span> <span class='ocrx_word' id='word_1_220' title='bbox 730 1654 837 1708; x_wconf 82' lang='lat' dir='ltr'><strong>Opp.</strong></span> <span class='ocrx_word' id='word_1_221' title='bbox 861 1655 906 1693; x_wconf 93' lang='lat' dir='ltr'><strong>T.</strong></span> <span class='ocrx_word' id='word_1_222' title='bbox 923 1654 990 1694; x_wconf 92' lang='lat' dir='ltr'><strong>IV.</strong></span> <span class='ocrx_word' id='word_1_223' title='bbox 1011 1669 1051 1708; x_wconf 88' lang='lat' dir='ltr'><strong>p.</strong></span> <span class='ocrx_word' id='word_1_224' title='bbox 1070 1658 1140 1698; x_wconf 85' lang='grc'><strong>27.</strong></span> <span class='ocrx_word' id='word_1_225' title='bbox 1167 1654 1237 1694; x_wconf 86' lang='grc'>56(1</span> <span class='ocrx_word' id='word_1_226' title='bbox 1261 1653 1382 1694; x_wconf 81' lang='lat' dir='ltr'><strong>valde</strong></span> <span class='ocrx_word' id='word_1_227' title='bbox 1407 1653 1573 1693; x_wconf 79' lang='lat' dir='ltr'><strong>dubita-</strong></span> 
     </span>
     <span class='ocr_line' id='line_1_25' title="bbox 148 1711 1574 1766; baseline 0.001 -16"><span class='ocrx_word' id='word_1_228' title='bbox 148 1726 262 1764; x_wconf 88' lang='lat' dir='ltr'><strong>mus,</strong></span> <span class='ocrx_word' id='word_1_229' title='bbox 294 1726 346 1750; x_wconf 87' lang='lat' dir='ltr'><strong>an</strong></span> <span class='ocrx_word' id='word_1_230' title='bbox 366 1711 584 1750; x_wconf 77' lang='lat' dir='ltr'><strong>Pausanias</strong></span> <span class='ocrx_word' id='word_1_231' title='bbox 612 1712 670 1751; x_wconf 79' lang='lat' dir='ltr'><strong>ita</strong></span> <span class='ocrx_word' id='word_1_232' title='bbox 695 1712 942 1752; x_wconf 84' lang='lat' dir='ltr'><strong>distinxerit.</strong></span> <span class='ocrx_word' id='word_1_233' title='bbox 970 1727 1010 1752; x_wconf 88' lang='lat' dir='ltr'><strong>v.</strong></span> <span class='ocrx_word' id='word_1_234' title='bbox 1039 1713 1205 1752; x_wconf 84' lang='lat' dir='ltr'><strong>omnino</strong></span> <span class='ocrx_word' id='word_1_235' title='bbox 1244 1725 1332 1766; x_wconf 82' lang='lat' dir='ltr'><strong>cap.</strong></span> <span class='ocrx_word' id='word_1_236' title='bbox 1356 1713 1434 1764; x_wconf 84' lang='grc'><strong>25,</strong></span> <span class='ocrx_word' id='word_1_237' title='bbox 1461 1715 1502 1757; x_wconf 85' lang='grc'><strong>7.</strong></span> <span class='ocrx_word' id='word_1_238' title='bbox 1530 1717 1574 1752; x_wconf 77' lang='lat' dir='ltr'><strong>et</strong></span> 
     </span>
     <span class='ocr_line' id='line_1_26' title="bbox 148 1766 1628 1825; baseline 0.001 -17"><span class='ocrx_word' id='word_1_239' title='bbox 148 1770 243 1810; x_wconf 81' lang='lat' dir='ltr'><strong>adn.</strong></span> <span class='ocrx_word' id='word_1_240' title='bbox 279 1766 433 1825; x_wconf 83' lang='grc' dir='ltr'><strong><em>θρόνος</em></strong></span> <span class='ocrx_word' id='word_1_241' title='bbox 454 1794 508 1800; x_wconf 93' lang='grc'>-</span> <span class='ocrx_word' id='word_1_242' title='bbox 531 1766 773 1825; x_wconf 74' lang='grc' dir='ltr'><strong><em>ἄνθρώποις</em></strong></span> <span class='ocrx_word' id='word_1_243' title='bbox 798 1778 1081 1822; x_wconf 75' lang='lat' dir='ltr'><strong>argumentum</strong></span> <span class='ocrx_word' id='word_1_244' title='bbox 1110 1777 1171 1810; x_wconf 83' lang='lat' dir='ltr'><strong>est</strong></span> <span class='ocrx_word' id='word_1_245' title='bbox 1195 1785 1356 1822; x_wconf 88' lang='lat' dir='ltr'><strong>eorum,</strong></span> <span class='ocrx_word' id='word_1_246' title='bbox 1388 1782 1491 1824; x_wconf 84' lang='lat' dir='ltr'><strong>quae</strong></span> <span class='ocrx_word' id='word_1_247' title='bbox 1514 1769 1573 1814; x_wconf 75' lang='lat' dir='ltr'><strong>ibi</strong></span> <span class='ocrx_word' id='word_1_248' title='bbox 1625 1780 1628 1784; x_wconf 89' lang='grc'>’</span> 
     </span>
     <span class='ocr_line' id='line_1_27' title="bbox 146 1828 1574 1884; baseline 0.001 -18"><span class='ocrx_word' id='word_1_249' title='bbox 146 1829 259 1882; x_wconf 86' lang='lat' dir='ltr'><strong>picta</strong></span> <span class='ocrx_word' id='word_1_250' title='bbox 288 1835 415 1867; x_wconf 87' lang='lat' dir='ltr'><strong>erant.</strong></span> <span class='ocrx_word' id='word_1_251' title='bbox 454 1828 675 1884; x_wconf 79' lang='grc' dir='ltr'><strong><em>προέστηκε</em></strong></span> <span class='ocrx_word' id='word_1_252' title='bbox 694 1829 890 1881; x_wconf 83' lang='lat' dir='ltr'><strong>Vulgata,</strong></span> <span class='ocrx_word' id='word_1_253' title='bbox 931 1830 995 1868; x_wconf 87' lang='lat' dir='ltr'><strong>cui</strong></span> <span class='ocrx_word' id='word_1_254' title='bbox 1019 1830 1227 1883; x_wconf 86' lang='lat' dir='ltr'><strong>Sylburgii</strong></span> <span class='ocrx_word' id='word_1_255' title='bbox 1251 1829 1574 1875; x_wconf 70' lang='lat' dir='ltr'><strong>emendationem</strong></span> 
     </span>
     <span class='ocr_line' id='line_1_28' title="bbox 147 1885 1574 1943; baseline -0.002 -15"><span class='ocrx_word' id='word_1_256' title='bbox 147 1885 394 1941; x_wconf 79' lang='grc' dir='ltr'><strong><em>προςέστηκε</em></strong></span> <span class='ocrx_word' id='word_1_257' title='bbox 410 1887 616 1940; x_wconf 84' lang='lat' dir='ltr'><strong>Boettiger</strong></span> <span class='ocrx_word' id='word_1_258' title='bbox 643 1887 689 1926; x_wconf 89' lang='lat' dir='ltr'><strong>in</strong></span> <span class='ocrx_word' id='word_1_259' title='bbox 710 1887 860 1939; x_wconf 83' lang='lat' dir='ltr'><strong>griech.</strong></span> <span class='ocrx_word' id='word_1_260' title='bbox 884 1888 1118 1941; x_wconf 85' lang='lat' dir='ltr'><strong>Vasengem.</strong></span> <span class='ocrx_word' id='word_1_261' title='bbox 1136 1889 1166 1928; x_wconf 91' lang='grc' dir='ltr'><strong>Ι.</strong></span> <span class='ocrx_word' id='word_1_262' title='bbox 1191 1903 1232 1943; x_wconf 86' lang='lat' dir='ltr'><strong>p.</strong></span> <span class='ocrx_word' id='word_1_263' title='bbox 1255 1889 1348 1933; x_wconf 87' lang='grc'>151.</span> <span class='ocrx_word' id='word_1_264' title='bbox 1377 1886 1574 1942; x_wconf 64' lang='lat' dir='ltr'><strong>praetulit</strong></span> 
     </span>
     <span class='ocr_line' id='line_1_29' title="bbox 151 1945 1574 2000; baseline 0.001 -16"><span class='ocrx_word' id='word_1_265' title='bbox 151 1956 247 1984; x_wconf 87' lang='lat' dir='ltr'><strong>cum</strong></span> <span class='ocrx_word' id='word_1_266' title='bbox 266 1945 536 1985; x_wconf 84' lang='lat' dir='ltr'><strong>Valckenario</strong></span> <span class='ocrx_word' id='word_1_267' title='bbox 556 1945 608 1985; x_wconf 88' lang='lat' dir='ltr'><strong>ad</strong></span> <span class='ocrx_word' id='word_1_268' title='bbox 626 1945 795 1985; x_wconf 84' lang='lat' dir='ltr'><strong>Theocr.</strong></span> <span class='ocrx_word' id='word_1_269' title='bbox 817 1946 950 1986; x_wconf 90' lang='lat' dir='ltr'><strong>Adon.</strong></span> <span class='ocrx_word' id='word_1_270' title='bbox 970 1961 1010 1999; x_wconf 81' lang='lat' dir='ltr'><strong>p.</strong></span> <span class='ocrx_word' id='word_1_271' title='bbox 1031 1950 1115 1990; x_wconf 87' lang='lat'><strong>343</strong></span> <span class='ocrx_word' id='word_1_272' title='bbox 1133 1961 1194 1999; x_wconf 90' lang='lat' dir='ltr'><strong>sq.</strong></span> <span class='ocrx_word' id='word_1_273' title='bbox 1225 1947 1297 1986; x_wconf 74' lang='lat' dir='ltr'><strong>secl</strong></span> <span class='ocrx_word' id='word_1_274' title='bbox 1317 1958 1447 2000; x_wconf 89' lang='lat' dir='ltr'><strong>quum</strong></span> <span class='ocrx_word' id='word_1_275' title='bbox 1462 1947 1574 1990; x_wconf 80' lang='lat' dir='ltr'><strong>Pau-</strong></span> 
     </span>
     <span class='ocr_line' id='line_1_30' title="bbox 150 2000 1572 2060; baseline 0.001 -18"><span class='ocrx_word' id='word_1_276' title='bbox 150 2003 283 2043; x_wconf 84' lang='lat' dir='ltr'><strong>sanias</strong></span> <span class='ocrx_word' id='word_1_277' title='bbox 307 2003 385 2043; x_wconf 86' lang='lat' dir='ltr'><strong>hac</strong></span> <span class='ocrx_word' id='word_1_278' title='bbox 403 2003 449 2043; x_wconf 89' lang='lat' dir='ltr'><strong>in</strong></span> <span class='ocrx_word' id='word_1_279' title='bbox 469 2018 514 2044; x_wconf 87' lang='lat' dir='ltr'><strong>re</strong></span> <span class='ocrx_word' id='word_1_280' title='bbox 534 2002 759 2060; x_wconf 78' lang='grc' dir='ltr'><em>παρέστηκε</em></span> <span class='ocrx_word' id='word_1_281' title='bbox 782 2000 1035 2057; x_wconf 83' lang='lat' dir='ltr'><strong>frequentet,</strong></span> <span class='ocrx_word' id='word_1_282' title='bbox 1067 2002 1289 2058; x_wconf 85' lang='lat' dir='ltr'><strong>aequaliter</strong></span> <span class='ocrx_word' id='word_1_283' title='bbox 1310 2019 1333 2045; x_wconf 90' lang='lat' dir='ltr'><strong>a</strong></span> <span class='ocrx_word' id='word_1_284' title='bbox 1355 2004 1572 2058; x_wconf 79' lang='lat' dir='ltr'><strong>Sylburgio</strong></span> 
     </span>
     <span class='ocr_line' id='line_1_31' title="bbox 149 2058 1634 2118; baseline -0.001 -16"><span class='ocrx_word' id='word_1_285' title='bbox 149 2063 496 2113; x_wconf 81' lang='lat' dir='ltr'><strong>commendatum,</strong></span> <span class='ocrx_word' id='word_1_286' title='bbox 526 2061 607 2102; x_wconf 86' lang='grc'>1106</span> <span class='ocrx_word' id='word_1_287' title='bbox 627 2062 688 2101; x_wconf 83' lang='lat' dir='ltr'><strong>illi</strong></span> <span class='ocrx_word' id='word_1_288' title='bbox 713 2063 938 2115; x_wconf 83' lang='lat' dir='ltr'><strong>composito</strong></span> <span class='ocrx_word' id='word_1_289' title='bbox 968 2063 1300 2117; x_wconf 81' lang='lat' dir='ltr'><strong>anteponendum</strong></span> <span class='ocrx_word' id='word_1_290' title='bbox 1322 2062 1479 2118; x_wconf 49' lang='lat' dir='ltr'><strong>putasti.</strong></span> <span class='ocrx_word' id='word_1_291' title='bbox 1519 2062 1572 2102; x_wconf 72' lang='lat' dir='ltr'><strong>ct.</strong></span> <span class='ocrx_word' id='word_1_292' title='bbox 1621 2058 1634 2066; x_wconf 56' lang='lat'>⁸</span> 
     </span>
     <span class='ocr_line' id='line_1_32' title="bbox 149 2120 1573 2172; baseline 0 -13"><span class='ocrx_word' id='word_1_293' title='bbox 149 2120 209 2171; x_wconf 87' lang='grc' dir='ltr'>ΙΙ,</span> <span class='ocrx_word' id='word_1_294' title='bbox 238 2125 310 2172; x_wconf 88' lang='grc'>17,</span> <span class='ocrx_word' id='word_1_295' title='bbox 334 2121 373 2165; x_wconf 87' lang='grc'><strong>5.</strong></span> <span class='ocrx_word' id='word_1_296' title='bbox 403 2121 462 2170; x_wconf 85' lang='grc' dir='ltr'>Χ,</span> <span class='ocrx_word' id='word_1_297' title='bbox 486 2120 566 2171; x_wconf 85' lang='grc'><strong>25,</strong></span> <span class='ocrx_word' id='word_1_298' title='bbox 586 2124 625 2164; x_wconf 88' lang='grc'><strong>2.</strong></span> <span class='ocrx_word' id='word_1_299' title='bbox 656 2121 947 2160; x_wconf 83' lang='lat' dir='ltr'><strong>Valckenarius</strong></span> <span class='ocrx_word' id='word_1_300' title='bbox 967 2122 995 2160; x_wconf 95' lang='grc'><strong>1.</strong></span> <span class='ocrx_word' id='word_1_301' title='bbox 1014 2136 1048 2161; x_wconf 90' lang='grc'><strong>6.</strong></span> <span class='ocrx_word' id='word_1_302' title='bbox 1069 2122 1199 2161; x_wconf 79' lang='lat' dir='ltr'><strong>multa</strong></span> <span class='ocrx_word' id='word_1_303' title='bbox 1220 2122 1269 2161; x_wconf 93' lang='grc'><strong>(16</strong></span> <span class='ocrx_word' id='word_1_304' title='bbox 1290 2121 1482 2161; x_wconf 74' lang='lat' dir='ltr'><strong>umbellis</strong></span> <span class='ocrx_word' id='word_1_305' title='bbox 1500 2135 1573 2160; x_wconf 74' lang='lat' dir='ltr'><strong>seu</strong></span> 
     </span>
     <span class='ocr_line' id='line_1_33' title="bbox 150 2177 1573 2234; baseline 0.002 -17"><span class='ocrx_word' id='word_1_306' title='bbox 150 2178 413 2218; x_wconf 72' lang='lat' dir='ltr'><strong>umbraculis</strong></span> <span class='ocrx_word' id='word_1_307' title='bbox 431 2177 560 2218; x_wconf 85' lang='lat' dir='ltr'><strong>affert.</strong></span> <span class='ocrx_word' id='word_1_308' title='bbox 579 2177 738 2232; x_wconf 74' lang='grc' dir='ltr'><strong><em>εἴχομεν</em></strong></span> <span class='ocrx_word' id='word_1_309' title='bbox 754 2179 874 2232; x_wconf 84' lang='lat' dir='ltr'><strong>vulg.</strong></span> <span class='ocrx_word' id='word_1_310' title='bbox 905 2179 1046 2234; x_wconf 72' lang='grc' dir='ltr'><strong><em>ἔχομεν</em></strong></span> <span class='ocrx_word' id='word_1_311' title='bbox 1062 2180 1192 2233; x_wconf 81' lang='lat' dir='ltr'><strong>Mosq.</strong></span> <span class='ocrx_word' id='word_1_312' title='bbox 1222 2180 1470 2220; x_wconf 79' lang='lat' dir='ltr'><strong>Praecedens</strong></span> <span class='ocrx_word' id='word_1_313' title='bbox 1489 2177 1573 2233; x_wconf 68' lang='grc' dir='ltr'><strong>’ἤδη</strong></span> 
     </span>
     <span class='ocr_line' id='line_1_34' title="bbox 147 2236 1574 2290; baseline 0 -14"><span class='ocrx_word' id='word_1_314' title='bbox 147 2236 392 2277; x_wconf 87' lang='lat' dir='ltr'><strong>Abreschius</strong></span> <span class='ocrx_word' id='word_1_315' title='bbox 429 2237 630 2277; x_wconf 78' lang='lat' dir='ltr'><strong>referente</strong></span> <span class='ocrx_word' id='word_1_316' title='bbox 658 2237 921 2290; x_wconf 85' lang='lat' dir='ltr'><strong>Wesselingio</strong></span> <span class='ocrx_word' id='word_1_317' title='bbox 953 2239 1005 2278; x_wconf 84' lang='lat' dir='ltr'><strong>ad</strong></span> <span class='ocrx_word' id='word_1_318' title='bbox 1033 2238 1183 2278; x_wconf 87' lang='lat' dir='ltr'><strong>Herod.</strong></span> <span class='ocrx_word' id='word_1_319' title='bbox 1211 2239 1327 2290; x_wconf 89' lang='lat' dir='ltr'>VIII,</span> <span class='ocrx_word' id='word_1_320' title='bbox 1360 2242 1454 2282; x_wconf 88' lang='lat'><strong>106.</strong></span> <span class='ocrx_word' id='word_1_321' title='bbox 1491 2237 1574 2279; x_wconf 85' lang='lat' dir='ltr'><strong>hoc</strong></span> 
     </span>
     <span class='ocr_line' id='line_1_35' title="bbox 147 2295 1574 2351; baseline 0 -16"><span class='ocrx_word' id='word_1_322' title='bbox 147 2296 243 2335; x_wconf 92' lang='grc'>1060</span> <span class='ocrx_word' id='word_1_323' title='bbox 268 2296 426 2350; x_wconf 80' lang='lat' dir='ltr'><strong>accepit</strong></span> <span class='ocrx_word' id='word_1_324' title='bbox 453 2295 608 2336; x_wconf 70' lang='lat' dir='ltr'><strong>r=ario10</strong></span> <span class='ocrx_word' id='word_1_325' title='bbox 629 2295 796 2335; x_wconf 83' lang='lat' dir='ltr'><strong>notione</strong></span> <span class='ocrx_word' id='word_1_326' title='bbox 814 2311 891 2349; x_wconf 80' lang='lat' dir='ltr'><strong>pro</strong></span> <span class='ocrx_word' id='word_1_327' title='bbox 913 2295 1026 2351; x_wconf 80' lang='grc' dir='ltr'><strong><em>μέχρι</em></strong></span> <span class='ocrx_word' id='word_1_328' title='bbox 1047 2313 1151 2350; x_wconf 85' lang='grc' dir='ltr'><strong>νυν,</strong></span> <span class='ocrx_word' id='word_1_329' title='bbox 1178 2297 1417 2351; x_wconf 73' lang='lat' dir='ltr'><strong>hucusque:</strong></span> <span class='ocrx_word' id='word_1_330' title='bbox 1461 2296 1574 2350; x_wconf 85' lang='lat' dir='ltr'><strong>quod</strong></span> 
     </span>
     <span class='ocr_line' id='line_1_36' title="bbox 148 2353 1572 2409; baseline -0.001 -15"><span class='ocrx_word' id='word_1_331' title='bbox 148 2369 202 2394; x_wconf 85' lang='lat' dir='ltr'><strong>an</strong></span> <span class='ocrx_word' id='word_1_332' title='bbox 222 2356 330 2394; x_wconf 89' lang='lat' dir='ltr'><strong>facto</strong></span> <span class='ocrx_word' id='word_1_333' title='bbox 353 2361 455 2408; x_wconf 85' lang='lat' dir='ltr'><strong>opus</strong></span> <span class='ocrx_word' id='word_1_334' title='bbox 478 2354 625 2406; x_wconf 88' lang='lat' dir='ltr'><strong>fuerit,</strong></span> <span class='ocrx_word' id='word_1_335' title='bbox 657 2354 901 2394; x_wconf 86' lang='lat' dir='ltr'><strong>dubitamus.</strong></span> <span class='ocrx_word' id='word_1_336' title='bbox 931 2353 1014 2409; x_wconf 78' lang='grc' dir='ltr'><strong>ήδη</strong></span> <span class='ocrx_word' id='word_1_337' title='bbox 1039 2369 1132 2395; x_wconf 85' lang='lat' dir='ltr'><strong>cum</strong></span> <span class='ocrx_word' id='word_1_338' title='bbox 1160 2356 1378 2409; x_wconf 84' lang='lat' dir='ltr'><strong>negatione</strong></span> <span class='ocrx_word' id='word_1_339' title='bbox 1405 2361 1466 2395; x_wconf 84' lang='lat' dir='ltr'><strong>est</strong></span> <span class='ocrx_word' id='word_1_340' title='bbox 1489 2369 1572 2394; x_wconf 78' lang='lat' dir='ltr'><strong>non</strong></span> 
     </span>
     <span class='ocr_line' id='line_1_37' title="bbox 149 2413 1151 2466; baseline 0.001 -14"><span class='ocrx_word' id='word_1_341' title='bbox 149 2415 258 2464; x_wconf 84' lang='lat' dir='ltr'><strong>iam,</strong></span> <span class='ocrx_word' id='word_1_342' title='bbox 288 2414 407 2452; x_wconf 77' lang='lat' dir='ltr'><strong>nielzt</strong></span> <span class='ocrx_word' id='word_1_343' title='bbox 427 2413 561 2464; x_wconf 79' lang='lat' dir='ltr'><strong>mehr,</strong></span> <span class='ocrx_word' id='word_1_344' title='bbox 590 2419 646 2452; x_wconf 78' lang='lat' dir='ltr'><strong>ut</strong></span> <span class='ocrx_word' id='word_1_345' title='bbox 663 2413 773 2465; x_wconf 85' lang='lat' dir='ltr'><strong>Virg.</strong></span> <span class='ocrx_word' id='word_1_346' title='bbox 795 2414 939 2466; x_wconf 86' lang='lat' dir='ltr'><strong>Georg.</strong></span> <span class='ocrx_word' id='word_1_347' title='bbox 956 2414 1033 2465; x_wconf 88' lang='grc' dir='ltr'>ΙΙΙ,</span> <span class='ocrx_word' id='word_1_348' title='bbox 1053 2417 1151 2458; x_wconf 82' lang='grc'><strong>207.</strong></span> 
     </span>
    </p>
   </div>
   <div class='ocr_carea' id='block_1_3' title="bbox 263 2453 1650 2529">
    <p class='ocr_par' dir='ltr' id='par_1_7' title="bbox 263 2453 1650 2529">
     <span class='ocr_line' id='line_1_38' title="bbox 263 2453 1650 2529; baseline -0.001 -17"><span class='ocrx_word' id='word_1_349' title='bbox 263 2469 303 2525; x_wconf 78' lang='lat'><strong>§.</strong></span> <span class='ocrx_word' id='word_1_350' title='bbox 326 2473 366 2517; x_wconf 87' lang='lat'><strong>5.</strong></span> <span class='ocrx_word' id='word_1_351' title='bbox 410 2466 559 2529; x_wconf 81' lang='grc' dir='ltr'><strong><em>Ὀπικῆ</em></strong></span> <span class='ocrx_word' id='word_1_352' title='bbox 576 2478 669 2510; x_wconf 87' lang='lat' dir='ltr'><strong>ante</strong></span> <span class='ocrx_word' id='word_1_353' title='bbox 688 2471 878 2523; x_wconf 77' lang='lat' dir='ltr'><strong>Faciam,</strong></span> <span class='ocrx_word' id='word_1_354' title='bbox 911 2472 1159 2526; x_wconf 82' lang='lat' dir='ltr'><strong>quieVind.</strong></span> <span class='ocrx_word' id='word_1_355' title='bbox 1182 2478 1222 2512; x_wconf 85' lang='lat' dir='ltr'><strong>et</strong></span> <span class='ocrx_word' id='word_1_356' title='bbox 1239 2471 1368 2526; x_wconf 84' lang='lat' dir='ltr'><strong>Mosq.</strong></span> <span class='ocrx_word' id='word_1_357' title='bbox 1390 2465 1573 2519; x_wconf 78' lang='grc' dir='ltr'><strong><em>Ὀπικοῖς</em></strong></span> <span class='ocrx_word' id='word_1_358' title='bbox 1648 2453 1650 2457; x_wconf 19' lang='lat' dir='ltr'><em>V</em></span> 
     </span>
    </p>
   </div>
   <div class='ocr_carea' id='block_1_4' title="bbox 147 2529 1574 2879">
    <p class='ocr_par' dir='ltr' id='par_1_8' title="bbox 147 2529 1574 2879">
     <span class='ocr_line' id='line_1_39' title="bbox 147 2529 1571 2583; baseline 0 -15"><span class='ocrx_word' id='word_1_359' title='bbox 147 2530 339 2569; x_wconf 83' lang='lat' dir='ltr'><strong>restituit.</strong></span> <span class='ocrx_word' id='word_1_360' title='bbox 387 2530 539 2583; x_wconf 75' lang='lat' dir='ltr'><strong>Opicos</strong></span> <span class='ocrx_word' id='word_1_361' title='bbox 560 2530 726 2582; x_wconf 83' lang='lat' dir='ltr'><strong>quidam</strong></span> <span class='ocrx_word' id='word_1_362' title='bbox 743 2537 943 2583; x_wconf 86' lang='lat' dir='ltr'><strong>putarunt</strong></span> <span class='ocrx_word' id='word_1_363' title='bbox 958 2530 1141 2570; x_wconf 81' lang='lat' dir='ltr'><strong>Ausones</strong></span> <span class='ocrx_word' id='word_1_364' title='bbox 1153 2543 1322 2583; x_wconf 87' lang='lat' dir='ltr'><strong>quoque</strong></span> <span class='ocrx_word' id='word_1_365' title='bbox 1346 2529 1571 2583; x_wconf 83' lang='lat' dir='ltr'><strong>appellatos</strong></span> 
     </span>
     <span class='ocr_line' id='line_1_40' title="bbox 149 2586 1574 2642; baseline -0.001 -16"><span class='ocrx_word' id='word_1_366' title='bbox 149 2601 254 2638; x_wconf 87' lang='lat' dir='ltr'><strong>esse,</strong></span> <span class='ocrx_word' id='word_1_367' title='bbox 287 2588 358 2627; x_wconf 89' lang='lat' dir='ltr'><strong>alii</strong></span> <span class='ocrx_word' id='word_1_368' title='bbox 387 2587 463 2628; x_wconf 88' lang='lat' dir='ltr'><strong>hos</strong></span> <span class='ocrx_word' id='word_1_369' title='bbox 496 2586 544 2627; x_wconf 86' lang='lat' dir='ltr'><strong>ab</strong></span> <span class='ocrx_word' id='word_1_370' title='bbox 575 2587 658 2626; x_wconf 79' lang='lat' dir='ltr'><strong>illis</strong></span> <span class='ocrx_word' id='word_1_371' title='bbox 694 2588 992 2640; x_wconf 80' lang='lat' dir='ltr'><strong>distinxerunt,</strong></span> <span class='ocrx_word' id='word_1_372' title='bbox 1033 2595 1230 2642; x_wconf 80' lang='lat' dir='ltr'><strong>utrosque</strong></span> <span class='ocrx_word' id='word_1_373' title='bbox 1259 2594 1394 2627; x_wconf 87' lang='lat' dir='ltr'><strong>autem</strong></span> <span class='ocrx_word' id='word_1_374' title='bbox 1426 2588 1574 2627; x_wconf 85' lang='lat' dir='ltr'><strong>volunt</strong></span> 
     </span>
     <span class='ocr_line' id='line_1_41' title="bbox 147 2645 1571 2700; baseline 0.001 -15"><span class='ocrx_word' id='word_1_375' title='bbox 147 2645 351 2686; x_wconf 86' lang='lat' dir='ltr'><strong>habitasse</strong></span> <span class='ocrx_word' id='word_1_376' title='bbox 375 2647 422 2686; x_wconf 89' lang='lat' dir='ltr'><strong>in</strong></span> <span class='ocrx_word' id='word_1_377' title='bbox 442 2646 680 2700; x_wconf 79' lang='lat' dir='ltr'><strong>Campania3</strong></span> <span class='ocrx_word' id='word_1_378' title='bbox 719 2646 789 2685; x_wconf 79' lang='lat' dir='ltr'><strong>ah&#39;i</strong></span> <span class='ocrx_word' id='word_1_379' title='bbox 821 2647 995 2700; x_wconf 87' lang='lat' dir='ltr'><strong>denique</strong></span> <span class='ocrx_word' id='word_1_380' title='bbox 1021 2647 1166 2687; x_wconf 84' lang='lat' dir='ltr'><strong>dicunt</strong></span> <span class='ocrx_word' id='word_1_381' title='bbox 1185 2647 1230 2685; x_wconf 90' lang='lat' dir='ltr'><strong>in</strong></span> <span class='ocrx_word' id='word_1_382' title='bbox 1253 2646 1477 2700; x_wconf 83' lang='lat' dir='ltr'><strong>Opicorum</strong></span> <span class='ocrx_word' id='word_1_383' title='bbox 1504 2646 1571 2686; x_wconf 87' lang='lat' dir='ltr'><strong>Io·-</strong></span> 
     </span>
     <span class='ocr_line' id='line_1_42' title="bbox 150 2704 1571 2755; baseline 0.001 -13"><span class='ocrx_word' id='word_1_384' title='bbox 150 2718 245 2743; x_wconf 87' lang='lat' dir='ltr'><strong>cum</strong></span> <span class='ocrx_word' id='word_1_385' title='bbox 275 2705 515 2745; x_wconf 83' lang='lat' dir='ltr'><strong>successisse</strong></span> <span class='ocrx_word' id='word_1_386' title='bbox 550 2706 756 2755; x_wconf 86' lang='lat' dir='ltr'><strong>Ausones,</strong></span> <span class='ocrx_word' id='word_1_387' title='bbox 793 2712 835 2744; x_wconf 80' lang='lat' dir='ltr'><strong>et</strong></span> <span class='ocrx_word' id='word_1_388' title='bbox 869 2704 945 2745; x_wconf 86' lang='lat' dir='ltr'><strong>hos</strong></span> <span class='ocrx_word' id='word_1_389' title='bbox 986 2719 1128 2745; x_wconf 84' lang='lat' dir='ltr'><strong>rursus</strong></span> <span class='ocrx_word' id='word_1_390' title='bbox 1166 2705 1329 2744; x_wconf 88' lang='lat' dir='ltr'><strong>cessisse</strong></span> <span class='ocrx_word' id='word_1_391' title='bbox 1362 2704 1491 2744; x_wconf 78' lang='lat' dir='ltr'><strong>Oscis.</strong></span> <span class='ocrx_word' id='word_1_392' title='bbox 1530 2717 1571 2744; x_wconf 82' lang='lat' dir='ltr'><strong>v.</strong></span> 
     </span>
     <span class='ocr_line' id='line_1_43' title="bbox 149 2736 1572 2822; baseline 0.001 -22"><span class='ocrx_word' id='word_1_393' title='bbox 149 2762 295 2803; x_wconf 87' lang='lat' dir='ltr'><strong>Strabo</strong></span> <span class='ocrx_word' id='word_1_394' title='bbox 318 2763 378 2813; x_wconf 93' lang='lat' dir='ltr'><strong>V,</strong></span> <span class='ocrx_word' id='word_1_395' title='bbox 398 2767 497 2807; x_wconf 87' lang='grc'><strong>242.</strong></span> <span class='ocrx_word' id='word_1_396' title='bbox 524 2761 645 2818; x_wconf 84' lang='grc'>(186</span> <span class='ocrx_word' id='word_1_397' title='bbox 657 2760 672 2816; x_wconf 92' lang='grc'>)</span> <span class='ocrx_word' id='word_1_398' title='bbox 713 2736 839 2817; x_wconf 64' lang='grc' dir='ltr'>Ιέύμη</span> <span class='ocrx_word' id='word_1_399' title='bbox 862 2762 892 2818; x_wconf 76' lang='grc' dir='ltr'><em>ἦ</em></span> <span class='ocrx_word' id='word_1_400' title='bbox 911 2764 956 2806; x_wconf 81' lang='grc' dir='ltr'><strong>ἐν</strong></span> <span class='ocrx_word' id='word_1_401' title='bbox 977 2759 1140 2822; x_wconf 72' lang='lat' dir='ltr'><strong>&#39;Omnia</strong></span> <span class='ocrx_word' id='word_1_402' title='bbox 1170 2769 1230 2803; x_wconf 83' lang='lat' dir='ltr'><strong>est</strong></span> <span class='ocrx_word' id='word_1_403' title='bbox 1253 2762 1362 2817; x_wconf 82' lang='lat' dir='ltr'><strong>apud</strong></span> <span class='ocrx_word' id='word_1_404' title='bbox 1384 2762 1572 2816; x_wconf 81' lang='lat' dir='ltr'><strong>Thucyd.</strong></span> 
     </span>
     <span class='ocr_line' id='line_1_44' title="bbox 148 2795 1570 2879; baseline 0 -18"><span class='ocrx_word' id='word_1_405' title='bbox 148 2820 229 2873; x_wconf 88' lang='lat' dir='ltr'><strong>VI,</strong></span> <span class='ocrx_word' id='word_1_406' title='bbox 246 2823 286 2866; x_wconf 87' lang='lat'><strong>4.</strong></span> <span class='ocrx_word' id='word_1_407' title='bbox 334 2795 446 2861; x_wconf 67' lang='lat' dir='ltr'><strong>T⁷rito</strong></span> <span class='ocrx_word' id='word_1_408' title='bbox 473 2821 543 2863; x_wconf 83' lang='lat' dir='ltr'><strong>hic</strong></span> <span class='ocrx_word' id='word_1_409' title='bbox 566 2822 734 2863; x_wconf 81' lang='lat' dir='ltr'><strong>videtur</strong></span> <span class='ocrx_word' id='word_1_410' title='bbox 750 2823 891 2862; x_wconf 66' lang='lat' dir='ltr'><strong>mari-⁹</strong></span> <span class='ocrx_word' id='word_1_411' title='bbox 913 2830 1103 2863; x_wconf 73' lang='lat' dir='ltr'><strong>daemon</strong></span> <span class='ocrx_word' id='word_1_412' title='bbox 1112 2835 1208 2863; x_wconf 84' lang='lat' dir='ltr'><strong>esse.</strong></span> <span class='ocrx_word' id='word_1_413' title='bbox 1241 2822 1432 2878; x_wconf 74' lang='grc' dir='ltr'><strong><em>ἱερᾶσθαι</em></strong></span> <span class='ocrx_word' id='word_1_414' title='bbox 1454 2819 1500 2862; x_wconf 77' lang='grc' dir='ltr'><strong>’δὲ</strong></span> <span class='ocrx_word' id='word_1_415' title='bbox 1519 2835 1570 2879; x_wconf 74' lang='grc' dir='ltr'><strong>τῃ</strong></span> 
     </span>
    </p>
   </div>
  </div>
 </body>
</html>
