1676 3172
129 268 215 323 156'
580 268 1076 321 AD'NOTATmNEs

432 375 1159 445 ''CAPUT'X'VIIL

234 483 275 540 ς.
309 487 347 530 1.
366 526 368 529 ,
405 488 485 529 Pro
504 501 547 530 τε
563 495 658 542 post
677 489 878 538 Σταδίους
894 488 1038 529 Facias
1057 487 1102 532 δὲ
1121 487 1270 541 edidit,
1300 489 1412 543 quod
1428 489 1528 544 Syl-

121 544 284 597 burgius
305 544 385 584 iam
404 547 602 587 voluerat.
643 546 684 596 ἐς
708 549 931 590 θεσσαλίαν
947 561 1023 600 pro
1043 546 1084 597 ἐς
1100 544 1311 590 θάλατταν
1331 549 1459 602 Mosq.
1478 555 1532 588 vet

120 603 350 657 Stephanus
366 603 499 657 Niger.
534 606 590 643 De
605 607 709 652 Pafro
730 607 782 646 cf.
803 621 888 659 cap.
900 610 970 656 22,
990 610 1027 649 1.
1056 607 1187 660 Prope
1202 606 1374 646 Olenum
1391 607 1528 657 fuisse.

119 669 241 701 testes
270 661 465 702 habemus
487 662 710 702 Hesiodum
741 665 850 718 apud
881 664 1120 703 Strabonem
1139 664 1248 714 VIII,
1277 668 1375 710 34¹2.
1407 662 1528 720 (61.)

119 727 160 761 et
177 720 430 760 Herodotum
449 721 468 760 I
475 751 487 772 ‚
510 723 606 766 145.
644 721 691 762 In
707 723 842 775 Etym.
859 722 913 762 M.
932 736 973 775 p.
990 724 1087 767 475.
1112 729 1172 762 est
1189 723 1331 778 Πίρος.
1373 724 1531 763 Olenus
1551 760 1553 762 ,

118 778 226 819 inter
255 779 414 831 Dymen
441 785 482 819 et
501 779 654 820 Patras*
678 779 743 835 (v.
772 780 904 820 strab.
924 780 1034 831 VIII,
1067 777 1191 835 386.)
1230 781 1311 832 „in
1338 780 1417 820 den
1445 794 1530 821 von

117 837 260 876 Palaeo
279 836 431 876 Achaia
450 839 480 893 ἦ
496 837 594 878 mile
616 838 724 878 siidl.
743 839 959 891 gelegenen
974 837 1168 880 Ruinen“
1196 838 1347 879 Mmler
1365 838 1411 879 in
1430 840 1536 894 Dor.=

115 894 175 944 H,
195 898 295 939 429
327 896 447 936 olem·
466 895 638 948 vestigia
659 897 842 938 Gellius'
830 911 874 939 m
890 897 1092 951 Itinerary
1108 898 1155 937 of
1164 895 1235 936 the
1252 897 1387 937 Morea
1405 912 1446 951 p.
1458 900 1527 941 24.

115 952 241 994 trium
265 953 458 995 horarum
485 961 526 996 et
548 954 717 994 dimidii
742 955 875 1009 spatio
894 962 1080 996 removet
1103 969 1127 994 a
1150 954 1295 995 Patris.
1322 954 1430 1000 ἔστιν
1451 951 1530 997 ου’κ,

114 1007 303 1081 ἐλάχιστά
324 1025 467 1065 σφισιν
486 1013 678 1067 δείγματα
695 1017 773 1056 τοῦ
789 1010 934 1069 λόγου,
961 1015 1023 1064 τίς
1042 1012 1067 1056 ὅ
1085 1009 1304 1068 δεξάμενος
1318 1013 1364 1055 ἔν
1378 1008 1530 1069 Ὠλένῳ

113 1066 307 1124 βασιλεύς
336 1077 429 1111 ante
436 1070 639 1122 Facium,
669 1071 742 1126 qui
764 1071 954 1112 Pa1n1e1ii
983 1072 1278 1112 correctionem
1301 1055 1530 1126 Δεξαμενὸς

114 1141 136 1167 e
163 1142 250 1182 cap.
273 1132 348 1181 19,
371 1135 413 1175 3.
440 1143 481 1182 p
502 1130 600 1175 573.
629 1129 816 1171 haustam
839 1130 1016 1184 recepit,
1054 1129 1307 1183 Goldhageni
1337 1135 1528 1183 sequutus

112 1187 356 1241 exemplum.
412 1188 662 1241 Mosquensis
687 1195 820 1229 autem
839 1189 994 1228 omittit
1017 1189 1079 1238 τίς
1100 1187 1125 1231 ὅ
1145 1195 1186 1228 et
1205 1194 1301 1228 ante
1322 1186 1367 1230 ἐν
1383 1187 1537 1227 inserit·

111 1240 174 1286 6'·
216 1246 329 1298 quod
349 1246 498 1287 ducere
525 1246 578 1286 ad
599 1261 738 1287 venam
765 1247 983 1287 lectionem
1002 1247 1219 1287 videbatur
1241 1247 1434 1301 δείγματα
1451 1247 1528 1288 τοῦ

110 1298 235 1357 λόγου
257 1303 533 1358 Δεξαμενὸς“’
508 1322 530 1347 ο
553 1304 598 1346 ἕν
622 1301 772 1363 Ὠλένῳ
803 1301 1012 1359 βασιλεύς,
1042 1305 1087 1344 in
1105 1305 1264 1345 minore
1285 1311 1427 1345 nostra
1450 1318 1527 1343 ex-

89 1366 290 1415 'pressam
315 1363 505 1402 editione.
555 1364 714 1403 Clavier
741 1364 884 1404 rudem
908 1369 1191 1416 carentemque
1220 1369 1359 1402 constr
1362 1358 1525 1402 actione

110 1419 297 1459 codicum
316 1424 594 1471 1410.141-1‚
626 1421 696 1474 qui
711 1422 771 1472 τίς
791 1420 816 1463 ό
833 1435 919 1460 non
940 1423 1180 1473 agnoscunt,
1211 1421 1428 1460 lectionem
1448 1419 1523 1460 de-

109 1477 190 1517 dit:
241 1478 434 1534 δείγματα
459 1482 534 1520 τοῦ
557 1475 703 1534 λόγου,
742 1480 880 1534 Δεξαμ
883 1477 970 1529 ενὸς
998 1477 1043 1521 δὲ
1072 1478 1116 1519 ἐν
1139 1474 1301 1535 Ὠλένῳι
1319 1474 1521 1533 βασιλεύς.

109 1537 169 1576 Cf.
189 1542 230 1575 et
251 1536 301 1575 de
323 1537 406 1577 hoc
425 1539 661 1577 Dexamene
682 1537 740 1587 V,
765 1541 815 1587 3¹,
838 1542 879 1581 4.
919 1536 1039 1576 Diod.
1059 1537 1099 1576 S.
1119 1536 1198 1587 lv,
1222 1540 1290 1580 33.
1328 1535 1520 1590 Apollod.

107 1595 164 1644 11,
192 1596 242 1644 5,
270 1597 310 1639 5.
358 1595 514 1635 Nomen
548 1595 681 1634 adhuc
705 1601 945 1648 corruptum
972 1601 1034 1634 est
1058 1594 1171 1648 apud
1187 1594 1449 1648 Anonymum
1470 1595 1521 1634 de

107 1653 195 1692 XII.
221 1654 390 1693 Certam.
410 1654 531 1692 Herc.
549 1654 593 1693 in
608 1652 774 1694 Ruhnk.
790 1654 866 1707 Ep.
885 1668 941 1693 cr.
962 1652 1010 1692 ΙΙ.
1029 1667 1071 1706 p.
1090 1653 1189 1698 375.
1228 1655 1398 1692 Sensus:
1429 1654 1519 1692 De-

104 1725 328 1763 xamenas,
363 1713 483 1752 Οἰεηὶ
508 1727 576 1752 rex
593 1718 630 1750 et
647 1727 754 1766 quae
768 1712 820 1750 ab
840 1726 883 1750 eo
903 1712 1107 1751 Hercules·
1127 1713 1284 1764 accepit
1309 1709 1423 1750 dona
1439 1711 1518 1750 Ιιο-

103 1771 301 1823 spitalia‚
340 1785 423 1810 non
460 1772 635 1810 minima
658 1785 767 1824 pars·
799 1777 899 1810 sunt
932 1784 1092 1821 eorum,
1134 1770 1290 1824 quibus·
1313 1784 1356 1811 se
1384 1771 1519 1809 iactat

102 1830 294 1868 narratio
324 1830 517 1880 illorum,
549 1831 624 1884 qui
642 1829 868 1869 Herculem
895 1830 1065 1883 eiusque
1089 1841 1153 1868 res
1177 1828 1445 1869 celebrarunt
1476 1828 1518 1880 ἐξ

101 1882 827 1998 5313215‘2'1‘321'231251‘ssufsszz‘5ssm
846 1884 1516 1999 'Z{“1?12⁷1‘‡5¹r‘'3r}'‡‡⁸12¹2¹81⁸512{¹1¹}2

100 2017 251 2056 parvae
273 2004 519 2044 mentionem
537 2004 701 2044 faciens.
743 2004 998 2044 Franckius
985 2018 1032 2043 111
1050 2004 1206 2042 Callino
1226 2018 1266 2057 p.
1286 2005 1375 2048 55.
1385 2003 1513 2047 male,-

99 2062 169 2100 bat
194 2062 531 2102 Hermesianactis
560 2061 766 2103 distichon
791 2062 835 2101 in
862 2062 1100 2116 Eurytionis
1128 2068 1301 2101 statuam
1327 2061 1530 2114 intelligi..

98 2119 364 2161 Ruhnkenius
392 2121 434 2160 in
452 2123 525 2175 Ep.
547 2121 705 2161 erit.11.
726 2134 767 2174 p.
791 2123 888 2166 375.
916 2120 1097 2160 sumebat
1118 2120 1241 2160 fuisse
1269 2120 1434 2173 elegiam
1461 2121 1513 2160 ad

96 2179 360 2232 Eurytionem
378 2180 643 2230 Centaurum,
669 2179 781 2220 cuius
801 2182 1077 2231 argumentum
1097 2179 1237 2219 forsan
1255 2179 1380 2218 fuerit
1393 2179 1523 2218 Mne—'

96 2237 456 2288 s·i111ac]1e‚01eni
491 2238 601 2289 filia,
642 2244 761 2291 rapta
791 2237 840 2276 ab
868 2237 1115 2290 Eurytione,
1157 2238 1228 2277 sed
1259 2236 1430 2281 liberata
1460 2238 1510 2276 ab

93 2295 287 2346 Hercule,
329 2296 403 2336 ubi
430 2297 546 2336 locus
568 2296 777 2349 Anonymi
797 2296 846 2334 de
862 2295 950 2335 XII.
977 2297 1080 2336 Cert.
1100 2296 1221 2336 Herc.
1248 2295 1511 2349 corrigendus

95 2353 186 2393 suit.
233 2354 292 2393 De
310 2355 650 2394 Hermesianacce
668 2356 718 2394 cf.
738 2355 790 2394 ad
808 2354 886 2405 VI,
912 2358 986 2406 17,
1009 2359 1048 2400 3.
1080 2354 1121 2404 ἐς
1140 2350 1297 2423 Πειρας
1318 2369 1360 2395 τε
1381 2353 1450 2395 καὶ
1468 2354 1510 2403 ἐς
1534 2372 1538 2377 ’

93 2406 341 2467 Ευρυτειάς·
380 2414 430 2452 de
457 2413 522 2453 his
543 2413 650 2453 1111111
674 2413 802 2452 habeo
825 2412 971 2452 dicem.
1010 2408 1220 2468 Εὕρυτιᾶς
1240 2402 1359 2453 Vind‘.
1378 2413 1507 2466 Μῦες.

93 2469 214 2524 Apud
234 2472 364 2512 Suab.
379 2472 493 2524 VIII,
517 2477 615 2518 386.
639 2470 760 2527 (302.
771 2469 785 2525 )
811 2471 953 2511 Olenii
966 2472 1125 2524 Dymen
1146 2471 1382 2528 migrarunt.

205 2550 246 2605 §.
275 2557 315 2597 2.
374 2552 433 2593 De
451 2556 599 2594 Patri-s·
628 2561 664 2592 et
686 2553 959 2593 Patrensibus
979 2567 1104 2606 usque
1125 2553 1176 2592 ad
1203 2567 1292 2606 cap.
1311 2554 1380 2596 21.
1401 2557 1523 2591 εχιτ.

93 2611 152 2648 Cf.
180 2610 230 2649 de
254 2610 303 2650 iis
328 2612 476 2652 Wassii
495 2613 601 2652 Add.
629 2612 681 2651 ad
699 2611 950 2665 Thucyd.11,
974 2615 1042 2656 83.
1074 2610 1306 2663 O.2Miilleri
1321 2610 1504 2650 Doriens.

90 2665 273 2718 11,427
315 2670 490 2712 Sickleri
512 2670 677 2712 Nachtr.
705 2669 824 2710 Anm.
851 2684 892 2710 u.
917 2668 1136 2722 Berichtig.
1159 2683 1210 2708 zu
1228 2668 1372 2708 Dodw.
1390 2668 1506 2707 Reise

91 2741 131 2780 p
149 2726 216 2770 51.
247 2729 404 2767 Patrae
422 2730 646 2779 distabant,
678 2735 723 2767 ut
739 2726 808 2768 hic
826 2730 941 2768 locus
958 2734 1150 2779 testatm,
1178 2740 1213 2766 a
1218 2729 1320 2766 Pero
1336 2728 1523 2766 LXXX.-

90 2784 243 2834 stadia,
274 2799 299 2824 a
316 2787 428 2826 Rhio
457 2787 751 2841 quinquaginta
783 2785 901 2841 (vide
927 2802 1014 2841 cap.
1036 2791 1114 2838 22,
1137 2783 1200 2838 7.)
1231 2785 1299 2824 vel
1328 2785 1501 2850 quad-ia—

90 2842 204 2896 ginta
227 2838 364 2900 (apud
381 2846 512 2887 Strab.
530 2847 644 2898 VII-I,
665 2849 762 2892 387
772 2841 809 2900 );
851 2860 875 2886 a
899 2845 1096 2887 Corintho
1117 2844 1170 2885 ad
1187 2844 1328 2885 Patras
1346 2849 1406 2883 est
1425 2843 1502 2882 itei
