1676 3172
132 273 222 315 ⁸26
591 270 1112 314 ADNOTATIONES

135 383 214 428 Pro
236 387 347 441 vulg.
368 403 453 429 που
475 401 497 426 0
518 387 728 441 Sylburgii
761 391 1017 430 cmrectione
1049 389 1146 430 dedi
1169 405 1247 432 πω.
1286 392 1333 431 In
1354 390 1484 446 Mosq.
1513 398 1575 432 est

136 446 181 488 δὲ
217 443 331 495 ὄντες
359 461 436 500 pro
461 444 505 487 δέ
496 462 634 498 -.οντες
685 447 770 497 Qui
792 447 862 487 hic
884 448 1038 487 dicitur
1064 446 1160 515 ἱμας
1181 444 1281 500 ὄξυς
1309 451 1391 492 fuit
1413 455 1573 494 caestus

134 504 313 557 globulis
340 504 481 544 ferreis
508 519 579 544 seu
611 506 814 559 plumbeis
842 506 1084 559 distinctus,
1118 507 1196 560 qui
1218 507 1276 547 ita
1302 509 1414 549 corio
1443 508 1576 552 insuti

135 569 272 613 erant,
301 569 348 604 ut
375 563 745 614 emineient3110c
769 571 906 604 caestu
929 579 1069 604 omnes
1092 579 1237 604 manus
1260 553 1394 619 digiti
1402 555 1574 626 c9lliga-

134 620 287 661 bantur
319 636 368 661 ac
393 621 637 674 tegebantur
659 636 744 662 uno
776 629 947 677 excepto
976 623 1141 677 pollice.
1185 620 1367 676 Figurae
1375 628 1575 677 manuum

134 678 219 719 hoc
242 686 382 719 caestu
408 687 659 720 armataium
680 681 828 720 vides·
817 696 863 720 111
884 679 996 722 Hier
1019 682 1106 721 Mer
1110 682 1272 722 curialis
1297 682 1410 723 Arte
1423 684 1572 745 Gymn-

134 737 206 777 lib.
227 741 269 782 2.
304 752 391 792 cap.
413 742 453 781 9.
473 754 516 794 p.
537 743 606 784 61.
645 739 693 778 In
714 734 988 779 Siebenkeesii
1010 730 1166 780 Anecd.
1185 755 1244 793 gr.
1267 755 1309 795 p.
1329 744 1400 787 48.
1437 726 1573 796 Seffo-

134 791 266 868 hasta?
281 795 500 870 postquam
531 797 581 837 de
609 796 789 837 milichis
818 804 937 838 antea
959 798 1123 838 usitatis
1153 799 1259 838 dixit
1279 792 1436 869 pergit:
1476 797 1575 844 νυνὶ

135 849 178 896 δ’
209 848 266 896 αὖ
298 854 542 924 μεθέστηκε·
589 854 732 912 ῤἰνους
747 873 840 928 γαρ
872 872 955 898 των
993 852 1202 902 πιοτᾶτων
1240 858 1354 913 βοων
1388 846 1576 918 ἑψαῗντες

134 910 286 967 ἱμάντα
316 910 554 969 ἐργάζονται
582 912 783 956 πυκτικόν
815 912 918 965 (ἷξυν
946 914 1017 957 καὶ
1046 911 1367 983 προςβαλλοντα.
1391 917 1575 972 μειλίχαι

132 978 270 1011 autem
288 979 405 1013 erant
425 974 515 1013 loia
537 988 558 1012 e
584 974 696 1014 corio
719 973 876 1013 bubulo
898 973 1050 1026 crudo,
1083 974 1232 1027 quibus
1252 974 1403 1038 reliqui
1427 988 1574 1015 manus

133 1029 257 1082 digiti
284 1037 447 1084 plaeter
476 1031 670 1086 pollicem
700 1032 1020 1086 implicabantur
1051 1031 1130 1084 ita,
1161 1039 1210 1072 ut
1241 1029 1405 1074 tantum
1433 1047 1575 1082 00111111

131 1088 294 1128 nudum
313 1089 640 1143 relinqueretur,
666 1097 863 1143 quantum
885 1105 988 1146 opus
1013 1097 1120 1130 esset
1134 1091 1186 1131 ad
1205 1105 1393 1145 pugnum
1413 1086 1574 1131 facien-

131 1144 245 1186 dum.
287 1147 514 1187 Scholiasta
536 1149 752 1188 Platonis
742 1163 785 1187 m
809 1149 962 1189 Anecd.
980 1163 1040 1202 gr.
1063 1148 1252 1189 Siebenk.
1272 1150 1303 1190 l.
1325 1164 1361 1190 c.
1379 1149 1456 1189 ita.
1497 1164 1574 1193 πυ-

130 1221 214 1263 γμη
239 1221 285 1247 το
310 1222 410 1274 πριν
429 1203 666 1257 ἐσκευαζετο
691 1204 739 1248 oi
734 1205 834 1256 ’τως.
870 1208 950 1257 Εἰς
970 1203 1195 1276 στρόφιον,
1226 1203 1251 1250 ὅ
1272 1207 1356 1251 ἔστι
1380 1203 1576 1264 στρογγῦζ

130 1266 207 1305 λον
240 1262 462 1333 ζωνάριον,
504 1265 549 1308 οἱ
576 1265 765 1319 τέσσαρες
797 1268 881 1307 τῶν
916 1261 1130 1307 δακτύλων
1160 1265 1271 1320 ἕνεβι
1302 1263 1470 1318 ἄξοντο,
1503 1264 1576 1308 καὶ

129 1319 456 1394 ὁπερεβαλλοντο
487 1326 563 1365 τοῦ
601 1325 802 1396 στροφίου
836 1326 1055 1375 τοσοῦτον,
1085 1321 1262 1376 όσον,ε
1312 1320 1574 1380 συνᾶγοιντο,

129 1377 213 1430 πύξ
233 1377 350 1422 εἶναι.
384 1383 617 1434 ξυνείχοντο
636 1380 679 1423 δὲ
703 1379 787 1423 υπο“
814 1385 974 1436 σειρᾶς,
1004 1379 1060 1435 ἢν
1082 1378 1274 1445 καθαπερ
1304 1381 1469 1437 ἔρεισμα
1489 1381 1576 1438 ἐβέ-

129 1439 283 1492 βληντο
305 1438 350 1480 ἐκ
371 1442 445 1480 τοῦ
462 1455 634 1493 πηχεως.
666 1440 783 1478 'salos
807 1453 970 1492 quoque
990 1453 1135 1478 manus
1154 1437 1371 1493 expressae
1393 1450 1574 1480 cernun-

128 1502 198 1535 tur
226 1497 271 1537 in
303 1496 354 1536 H.
376 1497 632 1537 Mercurialis
663 1511 786 1551 opeie
816 1512 865 1567 p.
879 1500 947 1540 60.
999 1498 1058 1536 De
1093 1497 1280 1536 milichie
1306 1496 1445 1537 Kuhn.
1471 1498 1576 1538 citat

127 1554 251 1594 F-abxi
272 1554 471 1606 Ag00n.1,
507 1559 547 1599 9
582 1555 625 1596 ἐκ
660 1556 801 1609 βοείας
833 1551 950 1608 ωμῆς
982 1550 1148 1624 ἱμάντες
1181 1554 1322 1597 λεπτοὶ
1349 1556 1575 1611 respondet

126 1611 358 1653 Homericis
379 1613 495 1654 Iliad.
517 1613 680 1664 XXIII,
706 1617 805 1657 684
837 1610 1004 1678 ἱμάντες
1028 1608 1221 1666 ε’ΰτμητοι
1243 1609 1356 1668 βοός.
1390 1613 1576 1654 Ducitur

129 1672 287 1726 μειλίχη
311 1687 335 1710 a
353 1673 562 1726 μείλιχος
550 1687 576 1712 1.
596 1686 629 1711 0.
653 1675 785 1726 πρᾶος
807 1671 903 1724 quia
925 1671 1068 1710 mitior
1090 1677 1152 1710 est
1182 1685 1305 1725 quam
1338 1668 1437 1738 ίμας
1460 1667 1572 1723 ὄξυς.

128 1730 351 1784 Proprium
382 1731 427 1769 in
458 1730 539 1770 hoc
571 1730 792 1769 certamine
824 1725 1018 1782 ἀνασχεῖν
1051 1745 1130 1783 την
1161 1734 1276 1786 χεῖρα
1308 1729 1359 1770 (10
1387 1731 1458 1782 118,
1501 1730 1574 1784 qui

129 1788 261 1828 ictum
279 1789 347 1828 vel
369 1789 529 1828 illaturi
549 1789 619 1828 vel
640 1787 856 1842 excepturi
875 1793 983 1827 sunt.
1013 1787 1134 1827 Hom.
1155 1788 1270 1828 iliad.
1291 1788 1450 1840 XXIII,
1469 1786 1574 1835 687.

129 1862 237 1887 αντα
258 1842 300 1888 δ’
323 1842 590 1901 ἀνασχομένω
608 1845 720 1900 χερσὶ
742 1841 1025 1903 στιβαρῇσιν
1007 1841 1084 1899 αμ’
1104 1843 1232 1900 ἄμφω
1254 1842 1332 1889 σύν
1351 1842 1395 1903 ῥ’
1414 1846 1573 1888 ἔπεσον.

130 1903 193 1945 Cf.
214 1905 340 1944 Gellii
357 1906 477 1945 Noct.
498 1906 583 1944 Au.
597 1905 705 1955 XIII,
730 1907 799 1948 26.
829 1904 922 1943 Hoc
941 1905 1054 1946 παίει
1074 1908 1162 1954 τοῖς
1185 1900 1401 1955 δακτύλοις
1422 1900 1574 1963 ὀρθοῖς

127 1959 216 2005 mco
241 1960 319 2018 τὴν
350 1959 533 2019 πλευράν
555 1963 763 2002 Cleomedi
785 1962 1031 2016 Astypalaeo
1066 1962 1143 2017 (de
1166 1977 1249 2016 quo
1271 1976 1313 2003 v.
1333 1963 1410 2014 VI-·‚
1432 1965 1481 2015 9,
1505 1961 1572 2017 3.)

131 2021 181 2061 ab
205 2021 410 2062 Oenamao
433 2021 595 2061 tribui
582 2035 628 2061 m
649 2021 815 2060 Eusebii
840 2021 982 2074 Praep.
1011 2021 1166 2074 Evang.
1187 2020 1258 2061 lib.
1280 2021 1320 2065 5.
1344 1993 1572 2062 Palmerius

130 2079 359 2119 adnotavit.
418 2079 545 2130 Quod
586 2086 771 2120 nostram
807 2078 1024 2118 confirmat
1063 2078 1360 2146 suspicionem,
1403 2078 1573 2119 eandem

133 2139 418 2178 confusionem
447 2140 597 2178 factam
631 2152 719 2177 esse
742 2138 789 2177 in
810 2137 975 2176 Eusebii
1003 2136 1209 2177 Chionico
1239 2137 1375 2192 primo
1405 2152 1449 2192 p.
1474 2138 1572 2181 150.

132 2197 195 2236 ed.
217 2197 362 2250 Scalig.
394 2197 470 2236 ubi
493 2195 760 2237 Arrachionis
791 2191 1116 2251 ἀνταγωνιστὴς,
1147 2195 1264 2235 cuius
1289 2207 1442 2236 n'omen
1461 2196 1573 2241 Pau-

133 2255 266 2294 sanias
287 2255 582 2323 praetermisit,
593 2253 846 2328 Κλεομένης
867 2253 1060 2309 (videtur
1074 2254 1295 2306 legendum
1308 2249 1571 2310 Κλεομήδης)

132 2320 319 2353 vocatur.
362 2310 558 2355 δάκτυλοι
576 2309 734 2368 ὄρθοὶὶ
793 2327 823 2352 n
857 2310 1141 2382 καμφθέντες,
1183 2327 1268 2351 non
1300 2313 1348 2351 in
1372 2320 1573 2367 pugnum

132 2374 373 2426 compressi,
403 2371 480 2410 sed
500 2373 623 2421 reeta,
647 2386 729 2424 po
797 2372 847 2410 ti.
874 2365 1008 2425 ὀρθῆς
1026 2370 1156 2422 Mosq.
1203 2371 1253 2410 In
1273 2369 1475 2410 Phrulitae
1497 2384 1572 2412 co-

132 2429 226 2469 (1100
254 2437 316 2470 est
337 2445 416 2483 την
449 2434 567 2501 χεῖρα
596 2429 637 2479 ἐς
668 2442 724 2471 τ’.
743 2428 820 2470 ἔσω
843 2427 991 2477 καθεὶς
1009 2428 1079 2470 καὶ
1103 2424 1422 2497 ἐπιλαβόμενος·
1459 2429 1573 2469 unde

130 2487 204 2529 καὶ
240 2488 407 2528 adscivi.
437 2485 590 2536 πολλοές
619 2502 697 2541 pio
732 2490 902 2535 πολλαῖς
923 2486 1054 2540 Mosq.
1084 2483 1348 2537 ἐξελαυνουσι
1371 2487 1572 2526 Ammineo

130 2559 219 2586 non
248 2547 497 2586 vertendum
528 2546 653 2586 fuisse
689 2546 811 2584 exilio
854 2545 1140 2596 mulctarunt,
1178 2551 1321 2584 monet
1353 2542 1569 2597 Kuh'tiiu35

132 2617 229 2644 nam
254 2605 471 2659 praeconis
499 2617 603 2644 voce
635 2610 676 2643 et
702 2618 778 2659 per
799 2600 1128 2658 μαστιγοφόρους
1149 2603 1301 2643 eiectos
1324 2617 1408 2643 esse
1433 2615 1569 2654 arena,

136 2663 208 2716 qui
223 2664 272 2702 in
291 2665 399 2715 leges
420 2662 664 2715 agonisticas
678 2661 954 2701 commiserint
974 2661 1150 2727 aliquid:
1181 2661 1295 2714 quod
1316 2666 1356 2701 et
1374 2655 1570 2717 ἐκκηρύτ-

133 2734 220 2763 τειν
232 2721 398 2761 dictum
417 2735 526 2772 esse,
557 2727 604 2760 ut
622 2720 734 2774 apud
751 2719 1045 2792 Simplicium
1032 2734 1078 2758 m
1099 2719 1280 2773 Epicteti
1298 2719 1510 2760 Enchirid.
1533 2733 1568 2759 0.

134 2776 205 2824 81
236 2777 313 2834 μὲν
329 2776 505 2834 Ἀργεῖοι
527 2776 657 2832 Mosq.
687 2779 732 2820 ἐν
751 2773 898 2847 Ἀργεῖ
903 2778 998 2817 Ald.
1020 2778 1212 2818 Francos.
1239 2777 1311 2817 sed
1334 2778 1448 2831 Sylh.
1471 2791 1569 2817 eor-

132 2837 243 2879 rexit
262 2835 341 2880 52st
332 2842 471 2894 Αργει.
493 2839 596 2877 Cum
613 2835 760 2879 hisma'a
774 2832 1026 2891 ἐποιήσαντο
1040 2858 1087 2867 -
1108 2836 1273 2879 Λυκίου
1294 2836 1504 2889 cf.11‚2o,
1529 2840 1568 2882 ¹·
1608 2847 1610 2849 ’

1620 1596 1626 1617 Ι
