1682 3172
168 215 235 261 ‘88
674 211 1030 257 ΗΛΙΑΚΩΝ
1063 213 1103 256 Β

178 325 356 388 μεγέθει
385 325 541 385 μέγας,
570 325 648 372 καὶ
676 325 884 387 θώρακες
912 331 1035 374 λινοῖ
1060 330 1179 386 τρεῖς
1200 325 1430 389 ἀριθμόν,
1462 325 1606 373 Γέλω·

179 414 260 451 νος
289 397 336 443 δὲ
365 393 580 455 ἀνάθημα
606 397 684 444 καὶ
714 399 1071 457 Συρακουσίων,
1114 398 1334 451 Φοίνικας
1359 395 1461 456 ἤτοι
1487 395 1608 459 τριή-

181 480 308 526 ρεσιν
335 467 366 525 ἢ
394 467 471 513 καὶ
499 470 607 529 πεζῇ
635 468 765 529 μάχῃ
783 467 1118 528 κρατησάντων.
1187 468 1272 526 (5)
1297 465 1350 513 ‘0
1380 466 1429 512 δὲ
1456 468 1612 529 τρίτος

179 542 273 583 τῶν
310 540 560 597 θησαυρῶν
596 539 672 584 καὶ
711 540 737 585 ὁ
774 540 984 597 τέταρτος
1012 535 1228 595 ἀνάθημά
1259 536 1378 586 ἐστιν
1401 534 1608 597 Ἐπιδαμ-

178 608 306 652 νίων.
345 607 430 666 ἔχει
459 607 540 666 μὲν
569 607 715 655 πόλον
743 610 1015 670 ανεχόμενον
1042 606 1135 654 ὑπὸ
1151 605 1414 662 Ἄτλαντος,
1445 605 1546 667 ἔχεί
1556 607 1608 653 δὲ

171 676 398 764 Ἡρακλέα
432 678 507 723 καὶ
543 678 737 738 δένδρον
775 681 828 727 τὸ
865 696 991 739 παρα
1025 678 1271 735 Ἑσπερίσι,
1311 676 1405 736 τὴν
1425 674 1609 736 μηλέαν,

175 748 254 794 καὶ
282 749 663 807 περιελελιγμένον
690 754 746 811 τῇ
780 750 921 810 μηλέᾳ
940 748 1021 796 τὸν
1045 749 1292 807 δράκοντα·
1330 746 1519 803 κέδρου
1514 746 1610 807 μὲν

175 817 253 864 καὶ
280 821 447 872 ταῦτα,
480 820 728 875 Θεοκλέους
758 821 806 867 δὲ
837 821 944 879 ἔργα
970 824 1054 865 τοῦ
1079 818 1304 878 Ἡγύλου·
1344 817 1610 878 ποιῆσαιβόὲ

175 886 451 948 Αὐτόνομον
477 893 543 948 τῷ
573 891 723 945 παιδὶ,
754 891 867 951 φησὶ
894 889 951 936 τὰ
981 889 1052 936 ἐπὶ
1073 893 1159 936 τοῦ
1184 889 1333 936 πόλου
1353 887 1608 948 γράμματα.

179 960 230 1005 αἱ
252 959 300 1005 δὲ
324 958 576 1018 Ἑσπερίδες
606 960 990 1022 (μετεκινήθησαν
1010 960 1098 1019 γὰρ
1121 958 1214 1005 ὑπὸ
1233 957 1444 1018 Ἠλείων)
1475 953 1610 1006 αὗται

179 1029 262 1089 μὲν
291 1030 354 1076 ἔτι
384 1025 463 1076 καῖ
491 1030 534 1084 ἐς
565 1031 639 1091 ἐμὲ
665 1027 782 1091 ἦσαν
806 1032 856 1079 ἐν
877 1035 940 1094 τῷ
965 1029 1150 1090 Ἡραίῳ.
1189 1028 1271 1076 τόν
1295 1028 1345 1076 δὲ
1370 1027 1612 1090 θησαυρᾷν

179 1103 275 1153 τοῖς
302 1097 607 1159 Ἐπιδαμνίοις
626 1101 813 1162 Πύῤῥος
835 1103 913 1148 καὶ
943 1104 989 1148 οἵ.
1015 1103 1173 1154 παῖδες
1191 1099 1430 1159 Λακράτης
1457 1116 1504 1146 τε
1532 1098 1614 1146 καὶ

166 1169 352 1229 ι’Ἐρμων
391 1171 620 1229 ἐποίησαν.
680 1174 759 1232 (6)
784 1171 1121 1231 ’,Ωικοδόμησαν
1161 1169 1210 1216 δὲ
1250 1169 1327 1216 καὶ
1353 1172 1612 1228 Συβαρῖται

177 1239 442 1300 θησαυρὸν,
483 1241 696 1301 ἐχόμενον
733 1247 818 1294 τοῦ
844 1239 1158 1301 Ἐπιδαμνίων.
1212 1237 1379 1286 ὁπόσοι
1421 1239 1484 1287 δὲ
1506 1238 1612 1299 περὶ

171 1307 360 1364 Ἰταλίας
406 1311 485 1357 καὶ
531 1311 706 1370 πόλεων
751 1299 1220 1370 ἐπολυπραγμόνησαν
1256 1323 1369 1355 των
1389 1305 1439 1368 ἐν
1463 1302 1610 1379 αυτῇ,

178 1382 385 1436 Λουπίας
399 1382 517 1440 φασὶ
534 1383 745 1443 κειμένην
765 1384 1037 1445 Βρεντεσίου
1058 1397 1103 1426 τε
1120 1378 1284 1441 μεταξυ
1306 1379 1384 1426 καὶ
1395 1377 1612 1442 Τδρουν

178 1466 258 1504 τος
295 1452 670 1511 μεταβεβληκέναι
710 1453 763 1500 τὸ
801 1451 971 1512 ὄνομα,
1010 1450 1221 1510 Σύβαριν
1258 1444 1404 1497 οὖσαν
1438 1449 1507 1510 τὸ
1521 1447 1612 1521 αρ-

178 1525 321 1580 χαῖον.
357 1519 384 1568 ὁ
415 1521 463 1569 δὲ
493 1521 637 1582 ὅρμος
657 1527 754 1578 ταῖς
777 1524 912 1570 ναυσὶ
927 1524 1240 1583 χειροποίητος
1267 1520 1344 1569 καὶ
1369 1507 1613 1605 Ἀδριανοῦ

179 1733 335 1776 loricae
362 1739 469 1787 tres,
511 1735 679 1776 Gelonis
709 1741 752 1776 et
782 1735 1134 1790 Syracusanorum
1165 1733 1292 1785 dona,
1312 1732 1450 1774 -victis
1478 1732 1612 1795 classe

177 1805 247 1845 vel
276 1804 461 1859 pedestri
487 1819 624 1861 pugna
653 1805 814 1847 Poenis.
885 1803 966 1861 (5)
995 1805 1157 1847 Tertius
1186 1803 1335 1846 deinde
1366 1810 1408 1844 et
1437 1809 1610 1858 quartus

177 1872 401 1916 thesaurus
442 1876 596 1918 donum
639 1884 702 1918 est
728 1876 1076 1932 Epidamniorum.
1137 1876 1187 1917 In
1221 1890 1270 1916 eo
1303 1875 1419 1915 Atlas
1449 1875 1610 1916 coelum

178 1947 377 1997 sustinet,
411 1946 610 1988 Hercules
641 1947 694 1988 ad
715 1946 964 2001 Hesperidas
994 1946 1129 1997 venit,
1161 1945 1213 1985 de
1236 1945 1511 1999 Hesperidum
1541 1960 1611 1991 ar·
1668 1942 1671 1945 ¹

177 2013 350 2056 boribus
379 2016 531 2057 malum
567 2017 693 2057 draco
716 2017 839 2072 spiris
861 2016 1052 2057 involvit.
1109 2015 1144 2056 E
1175 2016 1299 2055 cedro
1330 2022 1426 2055 sunt
1459 2015 1610 2069 omnia,

178 2083 370 2125 Theoclis
406 2086 519 2139 Etyli
559 2086 634 2127 filii
678 2101 795 2142 opus.
871 2087 1150 2127 Autonomum
1192 2072 1303 2126 certe
1341 2086 1427 2127 filio
1463 2087 1610 2128 fecisse

178 2155 295 2196 aiunt
325 2168 415 2207 eas,
460 2170 565 2210 quae
601 2156 646 2196 in
682 2158 778 2210 polo
809 2156 960 2197 incisae
991 2163 1106 2209 sunt,
1148 2157 1300 2198 literas.
1359 2148 1608 2213 Hesperides

176 2223 314 2280 ipsae,
345 2241 472 2280 quum
499 2226 596 2266 inde
626 2225 798 2267 fuissent
827 2227 877 2267 ab
899 2227 1007 2268 Eleis
1031 2234 1214 2279 amotae,
1243 2229 1287 2268 in
1316 2220 1484 2268 Iunonis
1504 2215 1611 2269 tem-

174 2297 250 2350 plo
279 2310 370 2337 mea
407 2303 540 2338 aetate
580 2304 688 2338 sunt.
749 2295 1004 2337 'thesaurum
1033 2297 1286 2353 Epidamniis
1315 2297 1524 2352 Pyrrhus,
1566 2305 1610 2340 et

174 2365 367 2407 laci-ates
402 2373 442 2407 et
470 2366 653 2406 Hermon
694 2366 780 2407 eius
819 2367 893 2407 filii
931 2367 1077 2408 fecere.
1150 2366 1227 2423 (6)
1257 2367 1541 2418 Aedificarunt
1567 2374 1608 2408 et

175 2434 390 2487 Sybaritae
423 2435 662 2477 thesaurum
694 2451 835 2490 suum,
868 2440 939 2492 qui
967 2439 1155 2492 proxime
1186 2438 1239 2478 ad
1268 2433 1607 2491 Epidamniorum

174 2503 414 2546 thesaurum
453 2508 702 2547 constitutus
741 2515 813 2548 est.
885 2509 922 2549 Ii
953 2523 1069 2560 sane,
1106 2508 1178 2563 qui
1208 2508 1260 2548 de
1288 2502 1608 2562 Italia'eiusque

176 2574 414 2616 civitatibus
456 2577 658 2617 curiosius
696 2578 773 2617 sibi
809 2579 1139 2632 investigandum
1171 2584 1392 2632 putarunt,
1432 2579 1606 2632 Lupiam

173 2646 394 2686 memoriae
433 2647 714 2702 prodiderunt
753 2648 952 2702 oppidum
991 2662 1079 2689 esse
1117 2649 1228 2690 inter
1255 2648 1533 2690 Brundusium
1565 2657 1606 2692 et

171 2713 453 2769 Hydruntem,
485 2717 598 2770 quod
627 2717 765 2771 prisco
795 2718 960 2759 nomine
986 2719 1154 2773 Sybaris
1183 2718 1322 2761 fuerit.
1381 2720 1529 2760 Portus
1559 2720 1606 2760 iu

171 2798 222 2826 eo
264 2791 380 2826 extat
417 2799 543 2828 manu
571 2789 727 2842 factus,
767 2787 938 2830 Adriani
969 2789 1153 2831 Caesaris
1183 2802 1302 2845 opus.
1375 2786 1473 2845 (7)
1492 2790 1604 2832 Gon-
