1676 3172
121 229 206 273 184
580 222 1088 267 ADNOTATIONES

121 344 306 412 pretatus
328 348 388 383 est
411 348 600 382 cometa-9.
628 338 712 384 ἔστι
729 339 774 384 δὲ
797 339 869 383 καὶ
889 340 934 384 ἐκ
958 342 1034 396 τῆς
1057 342 1133 397 γῆς
1158 336 1267 384 κάτω
1292 326 1534 414 πνευμάτων

122 396 332 455 νφήγησις
359 396 502 467 ἰσχυρά
531 399 716 452 Vulgata.
773 400 886 441 Bona
909 399 1062 440 Kuhnii
1087 399 1312 439 emendatio
1332 395 1536 453 &mimate

123 460 309 510 sonitus,
341 460 554 512 mugitus,
585 472 609 497 a
626 457 742 498 nobis
765 463 927 511 1ecepta
949 464 1029 508 est,
1058 457 1157 497 item
1177 472 1200 496 a
1223 457 1469 496 Schneidero
1496 456 1538 496 et

125 488 575 570 Clavielio.Coray1is
605 521 743 555 tamen
775 516 951 556 malebat
983 530 1228 568 πνευματων
1257 511 1535 570 ἅναφύσησις,

123 581 269 627 putans
294 574 351 613 ita
370 574 609 614 Amasaeum
631 574 785 626 legisse.
824 574 1149 627 προδείκννσθαι
1168 573 1286 625 vulg.
1326 573 1536 627 προενδεί·

123 637 302 674 κνυσθαι
321 632 449 685 Mosq.
480 638 602 685 atque
628 632 748 671 etiam
769 632 900 671 codex
917 630 1140 683 Phralitae,
1173 630 1246 670 ubi
1265 630 1438 670 Sevinus
1460 631 1537 669 ad—

123 690 300 742 notavit,
323 690 428 730 idem
445 690 614 730 verbum
632 696 873 744 usurpatum
889 703 974 729 esse
992 705 1015 728 a
1035 689 1228 742 Gregorio
1246 690 1282 728 N
1283 702 1430 742 ysseuo
1449 689 1494 728 T.
1504 687 1535 728 Ι.

122 763 162 801 p
186 752 282 792 360.
315 755 354 788 et
383 749 428 788 T.
449 749 496 788 11.
529 763 571 802 p.
591 742 700 793 891.
739 748 811 787 sed
840 751 966 790 ταῦτα
992 743 1149 801 σημήία
1174 745 1200 788 o‘
1228 743 1325 796 θεὸς
1349 745 1542 816 προέδεξε

122 807 246 860 paulo
277 814 370 846 ante
398 820 450 846 ex
467 806 617 846 Herod.
637 807 713 857 VI,
734 810 804 850 27.
831 803 1090 860 protulimus».
1119 808 1193 858 τῆς
1213 802 1257 845 δὲ
1277 799 1477 857 κινήσεως
1498 819 1536 846 κ.
1601 845 1606 850 ,
1660 810 1667 821 ‘

123 880 155 905 τ.
178 867 210 904 λ.
270 865 336 904 De
350 866 484 904 aariis·
510 872 592 903 tem
595 880 643 903 ae
663 872 853 903 motuum
860 865 1023 915 formu·
1041 862 1229 916 exposuit
1249 861 1505 901 Schneider'
1493 874 1539 901 m

126 922 263 961 adnot.
276 923 347 962 ad
365 923 502 975 Eclog.
523 922 643 976 phys.
662 937 703 976 p.
723 927 818 966 111.
848 922 1064 962 Pausanias
1084 936 1108 960 a
1125 919 1346 960 levioribus
1372 920 1434 959 ad
1444 933 1539 972 gra·-

123 980 256 1019 viores
277 981 546 1034 progreditur.
579 980 709 1020 Cum
697 981 748 1020 1is
761 1011 772 1032 ,
804 994 908 1033 quae
927 980 977 1020 de
993 980 1125 1034 prima
1143 979 1274 1018 forma
1293 978 1419 1019 refert
1435 991 1540 1017 con-

123 1038 279 1091 spirant
304 1053 405 1091 quae
429 1038 649 1079 Schneider
677 1039 705 1078 1.
729 1054 763 1079 c.
792 1053 814 1077 e
834 1040 973 1079 Senec.
998 1038 1048 1087 Q.
1065 1038 1113 1076 N.
1134 1037 1210 1088 VI,
1243 1040 1297 1080 12
1318 1050 1407 1090 sqq.
1435 1049 1539 1105 pro-

122 1095 231 1136 tulit.
249 1094 470 1165 ῥαστώνη-
512 1098 563 1138 cf.
582 1098 634 1136 ad
653 1098 733 1149 IX,
755 1097 834 1148 25,
856 1101 897 1141 2.
926 1093 981 1150 ἢν
1010 1092 1063 1150 δη
1091 1095 1164 1137 ἐν
1153 1098 1279 1166 κακῷ
1289 1109 1358 1164 γε
1357 1089 1540 1165 τοσούτῳ

125 1139 340 1209 ῥᾳστώνην
367 1155 518 1197 ἐνεῖναί
547 1171 639 1197 τινα
666 1154 929 1210 ἦγησαίμεθα
946 1154 1129 1206 Vulgata.
1159 1149 1215 1207 ἣν
1240 1166 1316 1206 pro
1337 1147 1392 1205 ἢν
1410 1136 1539 1204 Mosq.

125 1212 200 1250 Pio
220 1210 482 1267 ἦγησαίμεθα
501 1214 760 1253 scribendum
781 1213 861 1252 fuit
881 1209 1156 1267 ἡγησώμεθα,
1187 1225 1268 1264 quo
1286 1224 1361 1250 nos
1377 1209 1540 1249 Codicis

123 1269 253 1322 Mosq.
279 1271 401 1310 lectio
432 1269 675 1328 ηγησόμεθα
709 1271 840 1311 ducit:
885 1271 994 1310 idem
1026 1275 1237 1309 senserunt
1263 1270 1487 1310 Porsenus
1499 1273 1541 1307 et

126 1328 156 1366 C
146 1342 318 1380 orayus.
337 1328 512 1383 ἑξεγήρει
529 1330 655 1382 Mosq.
682 1325 821 1383 ὀλίγον
840 1328 1010 1380 ἐδέησαν
1021 1328 1217 1378 Vulgata-
1250 1340 1343 1366 cum
1365 1325 1540 1365 80111101-

126 1385 222 1424 dero
251 1381 385 1441 ὀλίγου
414 1386 584 1454 ἐδέησαν
607 1387 855 1440 scripsimus.
888 1387 1003 1428 δοκεῖ
1017 1400 1093 1438 pro
1116 1383 1232 1426 δοκοὶ
1251 1385 1378 1436 Mosq.
1409 1382 1480 1425 καὶ
1503 1382 1542 1425 εἰ

126 1440 179 1496 δή
199 1459 237 1484 τι
257 1466 306 1473 -
328 1440 497 1500 προάγει
522 1446 574 1484 ad
596 1446 768 1485 verbum
791 1451 870 1483 est:
912 1451 950 1482 et
976 1444 1015 1481 si
1043 1441 1151 1496 quid
1181 1440 1308 1481 aliud
1329 1443 1376 1480 in
1403 1455 1542 1494 aquae

127 1501 311 1540 {luxibus
334 1517 582 1554 promovens
607 1511 688 1542 est.-
724 1502 1011 1554 intelliguntur
1036 1500 1196 1550 tubuli,
1227 1514 1303 1553 per
1327 1513 1430 1553 quos
1458 1498 1542 1571 du:⁸

126 1565 273 1599 cuutui
296 1574 432 1612 aquae.
471 1560 541 1602 καὶ
563 1557 721 1603 τούτων
740 1561 943 1602 συνδεῖται
970 1574 1019 1599 τα
1039 1557 1311 1628 διεσπασμένα
1335 1559 1490 1611 μᾶλλον
1510 1552 1542 1611 ἦ

127 1613 366 1671 ἄνθρωπων
391 1615 602 1660 τεκτόνων.
632 1619 816 1670 Vulgata.
859 1614 888 1671 ἢ
918 1612 1170 1686 ανθρώπων
1184 1611 1385 1657 τεκτόνων
1413 1614 1549 1658 Eacim

125 1674 231 1744 iusto
254 1676 415 1715 brevius
436 1677 650 1716 enunciata
667 1676 914 1716 videbantur
937 1689 1012 1728 plo
1036 1671 1065 1728 ἢ
1090 1669 1170 1715 ὕπ’
1194 1669 1434 1728 ἀνθρώπων
1454 1687 1539 1715 τεκ-

125 1728 273 1775 τόνων·
311 1734 423 1786 quod
447 1735 485 1774 ei
509 1749 627 1785 nemo
652 1735 771 1774 facile
796 1734 919 1773 dabit.
965 1732 1124 1772 Clavier
1143 1731 1316 1785 putabat
1342 1730 1541 1771 excidisse

125 1789 256 1846 τέχνῃ.
293 1792 374 1831 Nos
392 1807 468 1845 plo
490 1805 566 1834 συν
557 1794 695 1834 δεῖται
716 1806 736 1831 0
752 1793 886 1862 ‚Mosq.
916 1791 1058 1833 συνδεῖ
1069 1790 1323 1858 sciipsimus,
1352 1796 1394 1830 et
1403 1786 1541 1829 intel-

126 1847 266 1900 ligitur
285 1846 453 1904 σεισμός.
504 1851 715 1890 Genitivus
737 1846 970 1903 α’νθρωπων
989 1844 1183 1890 τεκτόνων
1204 1847 1356 1902 pendet
1372 1862 1396 1886 a
1417 1847 1542 1886 Com·
1561 1883 1568 1887 ,

126 1907 315 1960 parativo
343 1911 512 1962 μᾶλλον,
541 1915 635 1962 post
665 1922 784 1962 quem
815 1905 844 1961 ἢ
878 1908 950 1960 qui
979 1906 1195 1945 delendum
1222 1912 1384 1945 censeat
1401 1905 1542 1945 forsan

128 1979 213 2004 non
233 1966 373 2006 deerit.
404 1967 454 2005 es.
473 1967 525 2005 ad
544 1967 574 2017 Ι,
596 1971 664 2017 33,
682 1970 722 2009 4.
746 1965 839 2005 adn.
871 1965 943 2004 sed
960 1979 1010 2003 ne
1026 1964 1105 2003 hoc
1124 1963 1289 2016 quidem
1303 1963 1538 2017 probamus,

130 2037 256 2074 quum
279 2024 361 2063 loci
387 2038 472 2063 non
503 2025 655 2074 desint,
688 2025 733 2062 in
760 2024 907 2077 quibus
934 2019 962 2075 ἢ
983 2029 1078 2075 post
1097 2021 1540 2075 Comparativumcum

130 2081 320 2121 Genitivo
352 2082 587 2135 copulatum
620 2082 814 2121 abundat.
851 2095 891 2121 v.
915 2079 1125 2119 Matthiaei
1156 2080 1375 2119 Grammat.
1408 2093 1540 2131 graec-

128 2136 168 2191 55
196 2142 293 2182 450.
319 2143 356 2183 2.
378 2147 418 2179 et
434 2141 553 2180 Paus.
571 2139 681 2191 vm,
700 2143 770 2190 29,
794 2144 833 2183 3
863 2138 888 2180 ὅ
909 2136 953 2180 δὲ
972 2136 1023 2190 δη
1047 2133 1237 2192 δεύτερος
1257 2140 1339 2178 τῶν
1362 2139 1540 2190 σεισμῶν

130 2192 338 2238 ἀπώλειάν
366 2212 407 2239 τε
433 2202 517 2240 τῶν
548 2197 809 2251 ἑτοιμοτέρων
836 2195 951 2250 φέρει
982 2195 1172 2247 Vulgata,
1206 2209 1326 2248 quam
1349 2195 1541 2234 incorru-

128 2260 242 2307 ptam
272 2269 355 2294 esse
384 2270 469 2295 non
496 2257 660 2296 credens
684 2255 950 2305 corrigebam:
993 2249 1203 2295 ἅπώλειαν
1223 2269 1265 2294 τε
1279 2252 1543 2323 ἑτοιμοτέραν

130 2311 228 2379 φέρε
212 2324 265 2353 ι·
318 2327 451 2366 neque
478 2315 596 2354 alitei
621 2314 745 2353 sensit
777 2285 854 2351 Cor
858 2326 976 2364 ayus,
1014 2311 1095 2351 nisi
1128 2311 1236 2364 quod
1263 2307 1470 2352 απώλειαν
1497 2325 1540 2352 τε

127 2366 285 2411 τούτων
323 2369 578 2427 ἑτοιμοτέραν
617 2371 876 2411 sciibcndum
904 2370 1077 2423 putavit.
1135 2369 1374 2422 Sylburgius
1414 2367 1541 2407 sumit

128 2426 638 2485 Αι11ι130011111ἐχυρωτέρων
661 2430 723 2468 vel
743 2427 1009 2483 βεβαιοτέρων
1028 2427 1187 2479 legisse,
1219 2434 1260 2466 et
1278 2425 1540 2494 ἑτοιμοτέρων

130 2485 321 2538 opinatur
345 2487 494 2526 dixisse
513 2488 751 2530 Pausaniam
772 2501 852 2539 pro
879 2488 952 2536 iis,
984 2500 1091 2538 qaae
1104 2487 1312 2539 proniora
1332 2487 1416 2525 sive
1432 2498 1488 2536 pr
1490 2498 1539 2522 ο-

111 2544 305 2582 clariora
332 2553 430 2582 sunt
460 2547 505 2584 in
529 2548 720 2595 ruinam,
753 2559 860 2598 quae
887 2545 1095 2596 promtius
1125 2545 1246 2584 everti
1274 2549 1440 2596 queant.
1495 2540 1540 2579 Si

129 2604 212 2641 τῶν
232 2601 493 2656 ἑτοιμοτέρων
510 2604 654 2643 liceret
674 2603 918 2653 coniungere
938 2615 1028 2640 cuin
1050 2604 1239 2656 σεισμῶν,
1258 2614 1394 2639 sensus
1414 2605 1535 2656 esset:
1550 2624 1553 2627 Δ

129 2658 312 2696 secanda
334 2662 479 2709 forma
507 2669 636 2701 terrae
664 2667 873 2710 motuum,
907 2661 982 2712 qui
1009 2667 1108 2698 sunt
1126 2651 1455 2728 praesentiores-
1454 2659 1481 2695 ι’.
1506 2671 1538 2697 e.

122 2730 199 2769 pet
200 2731 399 2756 memsam
401 2733 441 2756 es
453 2733 508 2771 12⁷
511 2734 597 2757 ιηια
604 2721 775 2770 forma
797 2718 894 2756 Mox
914 2731 989 2770 pro
1009 2717 1047 2758 εἰ
1062 2723 1124 2756 est
1142 2717 1207 2771 εἴη
1224 2715 1406 2786 inMosq.
1431 2711 1538 2766 ,α’νω,

130 2774 241 2828 quod
264 2782 492 2830 suspectum
517 2777 598 2818 fuit
611 2776 756 2829 Facio,
785 2774 1033 2829 iungendum
1050 2782 1111 2816 est
1133 2787 1226 2815 cum
1245 2768 1411 2817 ω’θοῖτο.
1456 2772 1537 2813 Co-
