1676 3172
493 221 585 262 An
614 219 1429 261 LIB.v111.cAP·.xvl.‘
1474 219 1558 263 251

109 338 203 380 καὶ
232 332 486 392 μακάρεσσιν
515 332 682 392 ἄγατόν.
727 337 786 375 De
806 336 961 389 Aepyti
986 335 1173 388 sepulcro
1199 335 1250 373 G.
1274 333 1455 383 Gellius,
1487 333 1562 386 qui

132 396 182 437 id
198 392 312 437 iuter
331 396 471 442 lacum
490 392 795 449 Stymphalium
815 401 855 434 et
870 394 993 447 Agios
1006 392 1194 445 Giorgios
1215 393 1400 446 positum
1420 363 1470 430 ab
1487 391 1560 430 illo

95 455 227 495 lacu
243 453 369 494 unius
386 454 514 494 horae
534 460 574 493 et
591 452 735 492 tertiae
756 452 897 507 partis
909 452 1039 506 spatio
1058 457 1264 502 removet,
1295 451 1339 489 in
1357 448 1563 502 Itinerary

62 559 64 561 ,
133 513 183 552 of
197 511 275 553 the
291 512 429 552 Morea
447 526 488 566 p.
507 515 607 556 168.
626 511 704 551 ita:
736 511 807 563 „A
825 512 937 563 lalge
954 510 1166 560 tumulus,
1194 508 1458 548 surrounded
1479 507 1564 547 aud
1644 526 1647 527 ⁷

119 554 343 611 smtained
359 570 416 624 by
439 584 463 608 3
493 570 672 610 circular
690 570 791 608 wall
818 570 866 609 of
893 568 1028 620 rough
1052 574 1201 606 stones.
1243 566 1343 605 This
1364 565 1438 605 has
1458 565 1564 607 been

63 636 66 643 ’
131 628 345 682 anciently
374 635 448 668 cut
474 627 678 680 through,
711 628 820 667 from
849 627 1022 666 motives
1045 627 1093 665 of
1110 625 1331 678 curiosity,
1364 624 1447 663 and
1467 637 1564 677 may

130 685 318 741 possibly
343 686 394 726 be
417 686 490 726 the
518 686 634 726 †omb
665 686 714 724 of
729 686 938 739 Aepytus,
969 684 1158 736 agreeing
1181 684 1346 736 exactly
1364 682 1470 722 with
1491 681 1564 722 the

131 744 386 799 description
403 746 453 784 of
466 745 502 784 it
523 745 579 799 by
589 732 830 784 Pausanias.
843 746 868 769 ‘⁴
898 743 1054 782 Similia
1073 742 1182 782 idem
1201 749 1242 782 t1
1244 741 1402 780 adidit
1389 756 1436 780 m
1455 739 1563 781 Nar-

129 800 264 842 rative
288 803 337 843 of
354 817 377 842 a
398 803 534 843 Ioum.
555 803 602 842 in
630 801 700 841 the
719 803 857 842 Morea
882 817 923 855 p.
947 805 1033 845 384
1056 815 1116 854 sq.
1145 801 1250 840 adde
1270 799 1426 838 Wolfiii
1447 799 1564 838 Ana-

121 861 240 901 lecta
266 861 492 901 fitterar.1.
517 861 688 916 p.151,
718 857 790 900 ubi
819 860 989 899 affertur
1022 859 1134 912 quod
1164 859 1272 898 idem
1304 858 1351 896 in
1370 858 1565 910 Argolide

129 918 278 960 retulit
307 919 359 959 de
392 912 466 959 1110
498 920 702 973 sepulcre.
732 919 820 960 ἴδεν
851 918 1006 970 Vulgo:
1053 917 1193 975 iecepi
1220 931 1250 956 e
1265 917 1408 970 Mosq.
1442 911 1562 966 εἶδεν,

130 977 244 1031 quod
255 977 496 1031 Sylburgius
519 991 681 1031 quoque
701 991 796 1016 cum
809 978 990 1016 Porsono
1012 976 1161 1015 voluit.
1192 976 1245 1014 cf.
1268 989 1356 1027 cap.
1368 978 1408 1025 4,
1427 977 1468 1018 4.
1494 978 1561 1024 17,

129 1037 171 1080 3.
192 1038 280 1104 21,
300 1040 338 1080 1.
367 1036 479 1075 idem
500 1050 616 1076 error
638 1035 960 1089 depiehenditur
978 1035 1060 1085 ΙΧ,
1084 1038 1152 1084 18,
1169 1039 1208 1079 8.
1230 1030 1410 1083 εἰκωτως
1430 1033 1562 1085 Mosq.

129 1088 284 1148 χρόνον
303 1107 382 1148 pro
409 1108 536 1149 χορον
554 1092 941 1166 Μο311.Α1(1.χορῶ
964 1088 1174 1133 Δαιδαλου
1205 1091 1427 1145 ποιηθέντι
1454 1091 1564 1130 Vul-

85 1159 87 1161 '
129 1157 232 1204 gata.
272 1151 434 1191 elavier
449 1151 635 1206 scripsit.
675 1167 785 1209 χορω
809 1136 942 1206 [ὕπο]
977 1147 1189 1192 Δαιδάλου
1207 1154 1355 1204 ποιηθ.
1406 1149 1489 1189 Sed
1509 1150 1561 1189 cf.

41 1200 547 1287 ,’3ᾶ11.,3(1ν1,,.82

245 1265 289 1321 §.
318 1272 358 1312 8.
423 1271 476 1309 Te
504 1269 613 1309 inter
636 1270 713 1309 τοῦ
742 1273 784 1307 et
813 1266 858 1309 ἐν
881 1266 1010 1319 Mosq.
1041 1266 1194 1323 omisit.
1231 1264 1564 1322 Ἀλικαρνασσῶν

126 1325 276 1378 vulg03
318 1325 416 1366 dedi
451 1340 548 1365 cum
579 1327 760 1365 Porsono
791 1324 1152 1378 Ἁλικαρνασσέων.
1206 1324 1265 1363 Cf.
1294 1324 1450 1378 Steph.
1451 1325 1563 1378 '.Byz

127 1379 243 1452 παρά
260 1383 1088 1437 σφισινἙ301ι133ῑο13ν131·.Μαυσωλεῖα
1107 1373 1564 1436 vulg03sc1ipsiMav-

129 1437 298 1511 milam,
319 1446 424 1480 nam
443 1456 616 1492 nomen,
644 1441 757 1482 unde
774 1440 855 1480 hoc
876 1440 1023 1491 fiuxit,
1056 1447 1117 1479 est
1136 1455 1221 1479 non
1234 1438 1474 1490 Μαυσωλὸς
1494 1442 1565 1480 sed

127 1495 382 1549 Μύσωλος.
413 1500 466 1539 cf.
489 1500 666 1539 Phavor.
684 1514 728 1553 p.
740 1503 810 1549 83,
834 1504 874 1543 6.
904 1498 1128 1538 Herodian.
1150 1499 1196 1538 in
1207 1499 1435 1539 Hermanni
1455 1500 1564 1539 libm

131 1557 184 1596 de
208 1557 364 1597 emend.
402 1570 460 1609 gr.
494 1572 553 1609 gr.
585 1564 665 1597 rat.
694 1572 736 1610 p.
760 1561 859 1601 308.
888 1563 930 1596 et
951 1556 1088 1597 Schol.
1122 1557 1176 1596 ad
1201 1557 1367 1602 Lucian.
1393 1558 1564 1599 Conviv.

129 1613 253 1668 §.24
279 1614 488 1670 Ἑβραίοις
504 1615 550 1656 δὲ
570 1631 607 1656 κ.
625 1630 659 1656 τ.
682 1619 717 1656 λ.
755 1615 866 1654 Η330
884 1616 1067 1664 Helena,
1099 1615 1278 1667 aequalis
1297 1616 1564 1669 Imperatoris

128 1673 291 1713 romani
311 1673 494 1724 Claudii,
525 1688 642 1713 soror
663 1687 848 1725 uxorque
867 1673 947 1712 fuit
964 1672 1268 1712 Adiabenoruffl
1291 1675 1399 1726 regis
1414 1674 1565 1714 Mono-

128 1730 245 1783 bazi,
269 1737 312 1771 et
342 1730 396 1770 ad
428 1745 542 1770 sacra
556 1732 802 1771 Iudaeorum
833 1731 998 1770 tlansiit
1033 1745 1128 1770 cum
1150 1731 1238 1770 filio
1260 1732 1382 1772 Izata.
1425 1733 1567 1782 Quum

131 1789 243 1830 Izata
271 1789 579 1830 Adiabenorum
610 1804 687 1829 rex
724 1791 858 1828 factus
889 1795 1078 1828 mortuus
1107 1797 1213 1829 esset
1244 1797 1285 1829 et
1314 1791 1439 1843 paulo
1468 1798 1567 1845 post

129 1854 262 1888 mater
294 1861 460 1901 quoque
480 1848 660 1899 Helena,
703 1848 807 1887 alter
827 1847 1005 1887 Helenae
1033 1847 1145 1886 filius
1179 1849 1451 1900 Monobazus,
1491 1850 1566 1902 qui

129 1905 281 1947 fratri
266 1920 317 1945 m
330 1919 457 1958 regno
478 1907 674 1946 successit
689 1901 741 1947 τά
762 1922 805 1947 τε
826 1901 1024 1958 ἐκείνης’
1006 1909 1104 1947 οστᾶ
1125 1906 1196 1947 καὶ
1215 1923 1267 1947 τα
1283 1910 1359 1948 τοῦ
1379 1903 1567 1959 ἀδελφοῦ

129 1964 308 2020 πέμψας
324 1964 383 2013 εἰς
400 1960 659 2019 Ἱεροσόλυμα
683 1963 773 2020 (ubi
788 1970 918 2003 mater
938 1964 1191 2017 aliquamdiu
1203 1964 1388 2018 vixerat)
1415 1961 1564 2019 θαψαι

129 2021 378 2095 προςέταξεν
405 2022 450 2064 ἐν
481 2026 570 2072 ταῖς
590 2023 839 2091 πυραμίσιν,
869 2019 918 2071 ἃς
939 2021 971 2075 ἦ
990 2018 1123 2078 μήτηρ
1145 2019 1437 2065 κατεσκευάκει
1455 2028 1564 2095 τρεῖς
1638 2058 1640 2060 .

129 2079 199 2124 τὸν
221 2076 430 2136 ἆριθμόν,
458 2082 551 2135 τρία
570 2076 718 2122 στάδιοι
737 2083 812 2134 τῆς
831 2083 914 2122 τῶν
932 2080 1260 2135 Ἱεροσολυμιτῶν
1283 2078 1441 2131 πόλεως
1466 2079 1563 2124 οἷπε-

131 2135 285 2194 χσῖιῖσας
312 2145 506 2178 narrante
538 2138 710 2192 Iosepho
741 2138 881 2192 Antiq.
911 2136 1070 2180 Iudaie.
1098 2141 1201 2191 XX,
1232 2144 1272 2183 2.
1312 2155 1390 2193 την
1418 2136 1564 2195 θύραν

133 2196 273 2237 omisit
289 2197 420 2248 Mosq.
443 2196 512 2248 qui
531 2197 679 2246 deinde
694 2193 878 2250 λυθήνην
898 2196 1034 2236 habet.
1064 2196 1354 2253 ἒσανοίγεσθαι
1372 2197 1563 2251 Vulgata.

130 2255 257 2295 Facio
278 2260 321 2295 et
336 2253 586 2295 Schneidero
610 2255 678 2310 (in
696 2257 794 2294 Lex.
813 2253 968 2308 graec.)
988 2256 1143 2296 rectius
1160 2256 1380 2296 videbatur
1397 2256 1563 2299 ἐπανοί-

131 2318 302 2370 γεσθαι·
334 2313 406 2352 sed
427 2312 587 2353 Clavier
607 2314 722 2353 dedit
742 2311 787 2355 δὲ
809 2309 1069 2367 ἀνοίγεσθαι·
1109 2315 1223 2367 quod
1241 2314 1385 2354 turbat
1405 2315 1563 2354 oratio-

131 2372 199 2412 nis
216 2383 390 2411 nexum:
421 2378 533 2411 recte
551 2372 678 2424 igitur
688 2372 870 2424 Corayus
891 2370 935 2413 δὲ
953 2379 1158 2411 lemotum
1174 2373 1330 2423 voluit,
1360 2372 1443 2412 hoc
1463 2387 1562 2413 vero

131 2445 212 2471 nos
240 2428 404 2482 sequuti
422 2443 564 2469 sumus
594 2429 810 2470 iudicium.
854 2430 1043 2470 Chvier
1032 2445 1077 2469 m
1095 2432 1304 2484 Supplem.
1330 2431 1563 2485 suspicaba-

78 2525 86 2534 ,
134 2495 206 2533 tur
224 2504 280 2543 μη
305 2484 504 2543 πρότερόν
526 2487 636 2529 ἐστιν
652 2483 897 2560 ἀνοίγεσθαι
915 2489 1133 2541 legendum
1154 2503 1261 2540 esse,
1284 2489 1563 2531 constructio-

134 2546 424 2588 manitionem
442 2560 527 2585 nou
546 2547 703 2587 videns.
736 2543 931 2602 ἀπαγάγῃ
950 2569 1012 2578 --
1026 2542 1221 2598 κατάξειν
1237 2547 1368 2625 Mosq.
1397 2543 1459 2592 δι’
1481 2544 1561 2592 σ’λί-

135 2605 211 2660 γης
228 2606 376 2660 exiguo
399 2611 575 2660 tempore
592 2606 816 2646 interiecta
