1676 3172
146 233 232 282 262
314 224 319 229 '
423 256 429 261 -
615 230 1114 274 ADNOTA'HONES

505 344 951 401 CAPUT
1029 313 1225 398 ΧΧἸΙ.

265 435 309 492 §-
342 440 380 483 1·
436 434 658 496 Ἐπαναγει
680 463 741 472 -
761 436 1011 497 Γερόντειον.
1057 442 1119 483 Cf.
1145 442 1312 484 omnino
1330 455 1420 498 cap.
1441 446 1516 495 16,
1540 447 1580 496 1,

148 509 328 551 namque
350 510 374 536 a
396 497 529 551 capite
545 503 620 543 16.
652 513 786 554 usque
809 500 862 540 ad
883 504 952 545 21.
976 507 1080 541 extr.
1109 506 1289 542 tractum
1315 516 1339 540 a
1356 501 1582 557 Stympha-

147 554 243 607 liis,
267 554 340 609 qui
353 554 565 596 Pheneatis
585 557 634 597 ab
653 557 810 598 oriente
829 558 995 598 finitimi
1014 566 1151 611 erant,
1176 573 1307 614 usque
1326 559 1386 600 ad
1390 560 1582 600 Clitorios

152 613 206 652 ad
229 627 420 653 occasum
438 621 668 668 spectantes
689 616 960 670 perlustravit
970 617 1210 668 Pausanias3
1242 632 1357 658 nunc
1376 619 1428 658 ad
1440 619 1581 672 Stym-

151 669 314 725 phalios
344 672 466 712 redit.
507 670 763 728 Στύμφηλον
793 681 843 714 ut
877 689 966 728 cap.
985 679 1034 727 4,
1058 679 1097 719 3.
1131 674 1226 731 (ubi
1246 690 1286 717 v.
1306 673 1426 731 adn..)
1458 675 1516 730 ΙΙ,
1539 682 1580 729 3,

151 730 193 774 5
222 729 274 781 V,
298 732 374 782 10,
397 734 438 775 2
462 737 567 772 extr.
598 732 761 773 Homer.
780 733 898 773 Iliad
910 733 967 783 H,
989 736 1089 779 608.
1106 747 1205 773 111οΧ
1225 740 1364 774 tamen
1383 731 1583 790 Στύμφα-

151 791 241 840 λος,
274 795 315 829 et
336 795 477 829 monet
497 789 734 830 Eustathius
750 787 807 830 ad
825 791 852 831 1.
879 805 912 831 0.
929 763 1049 831 H'om.
1075 787 1144 834 διοέ
1163 795 1238 834 τοῦ
1260 807 1286 841 α
1304 789 1355 834 τοῖ
1376 793 1502 835 πλείω
1521 792 1581 835 λέ-

150 861 265 901 γεται.
283 843 546 916 Στύμφαλος.
595 849 643 888 In
665 849 795 903 Mosq.
819 848 888 891 ἐπὶ
906 865 979 892 του
1001 872 1061 880 -
1086 865 1211 920 ορους
1231 853 1308 892 τοῦ
1327 851 1487 904 legitur.
1517 867 1584 905 με-

151 901 425 955 τανασταντες
443 905 554 945 idem
572 906 718 958 habet,
751 914 792 947 et
812 922 912 947 mox
938 911 998 965 τῷ
1016 904 1240 962 Ἀρκαδων.
1287 908 1324 948 Α
1355 923 1435 963 quo
1462 909 1583 948 testi-

152 962 336 1002 monium
355 964 514 1035 petitur
532 965 650 1037 locus·
670 967 864 1017 Homeri,
888 951 1011 1006 moflo
1029 966 1232 1007 indicatus
1251 973 1324 1007 est.
1352 967 1465 1006 Facii
1488 981 1584 1008 cor-

152 1020 338 1073 rectione
370 1017 580 1077 ἀπόγονος
607 1013 654 1072 ὃς
682 1026 737 1078 ἦν
762 1038 899 1065 carere
917 1038 1160 1079 possumus3
1202 1025 1275 1064 sed
1293 1039 1379 1065 non
1398 1032 1584 1080 praeter-

151 1079 401 1119 mittendum
432 1081 544 1133 quod
579 1081 818 1134 Sylburgius
850 1082 895 1122 111
926 1083 1182 1122 Piaefatione
1212 1083 1265 1122 ad
1298 1082 1480 1124 Amasaei
1511 1085 1584 1124 lat.

152 1136 282 1191 intip.
302 1138 378 1177 ait·
421 1139 701 1190 „Pausaniam
719 1141 784 1180 his
801 1141 1013 1181 vocabulis
1034 1137 1238 1196 ἀπόγονος
1253 1142 1386 1197 τρίτος
1399 1148 1586 1196 nepotem

152 1194 382 1248 intelligere
401 1211 486 1236 non
498 1206 765 1252 pronepotem
786 1198 920 1254 (quod
942 1199 1161 1239 Amasaeus
1182 1197 1328 1253 habet)
1356 1213 1408 1239 ex
1427 1200 1586 1255 ipsius-

151 1259 237 1292 met
256 1254 392 1294 verbis
420 1256 607 1297 intellexi
641 1263 682 1296 et
705 1256 898 1297 adnotavi
924 1258 976 1296 ad
999 1261 1106 1308 335,
1136 1261 1204 1302 63.
1238 1255 1377 1313 (VIII,
1398 1261 1478 1311 22,
1502 1263 1539 1303 1.
1547 1261 1583 1313 ):

150 1325 248 1350 nam
270 1311 317 1351 in
338 1312 472 1366 piimo
503 1315 634 1366 giadu
666 1322 825 1368 patrem
847 1316 990 1355 statuit
1011 1316 1250 1367 Pausanias,
1282 1321 1323 1356 et
1350 1329 1439 1371 per
1452 1312 1588 1360 δεύτε-

151 1384 228 1423 ρον
259 1365 469 1425 ἀπόγονον
497 1372 691 1425 intelligit
717 1373 870 1419 filium,
902 1388 977 1439 per
997 1373 1134 1428 τρίτον
1153 1370 1358 1428 α’πὸγονον
1377 1381 1583 1429 nepotem,

151 1433 277 1480 atque
290 1428 349 1468 ita
371 1429 601 1483 dei11ceps“
633 1436 712 1469 et·
714 1430 753 1469 l
776 1430 892 1470 hunc
916 1432 1053 1485 ipsum
1073 1431 1215 1470 locum
1236 1438 1428 1472 nostrum
1450 1432 1582 1472 adno-

150 1485 269 1526 tavit:
323 1487 628 1541 „Stymphalus
648 1494 710 1527 est
728 1502 858 1542 nepos
876 1489 1068 1539 Arcadis,
1100 1503 1195 1528 nam
1215 1495 1262 1528 ut
1284 1504 1407 1544 supra
1426 1487 1605 1530 memb--

148 1550 217 1584 rat
238 1557 326 1598 cap.
346 1548 387 1589 4.
412 1544 561 1585 Arcadi
581 1552 665 1589 tres
693 1547 864 1586 fuerunt
890 1547 988 1598 filii,
1020 1547 1154 1597 Azan,
1185 1547 1390 1601 Aphidas,
1425 1547 1582 1600 Elatus,

152 1607 193 1641 et
222 1602 331 1642 Elati
365 1602 546 1643 filiorum
576 1603 746 1643 ultimus
779 1604 1055 1659 Stymphalus.
1068 1607 1093 1626 “
1139 1604 1335 1646 Similiter
1362 1606 1586 1646 Palmerius

153 1660 206 1698 ad
226 1660 302 1712 IV,
337 1665 416 1711 23,
453 1665 491 1704 3.
519 1661 596 1701 ait:
642 1661 906 1713 „Observavi
927 1662 1170 1702 Pausaniam
1196 1677 1271 1717 per
1298 1679 1494 1720 τεταρτην
1522 1668 1587 1721 γε·

152 1715 254 1760 νεοῖν
287 1725 328 1758 et
356 1719 547 1774 τέταρτον
578 1715 788 1776 οῗπόγονον
809 1721 1039 1775 intelligere
1058 1735 1218 1775 semper
1242 1729 1422 1775 quatum
1438 1737 1586 1776 perso-
1626 1718 1629 1722 ’

151 1789 226 1816 nas
244 1778 497 1817 numeiando
515 1784 715 1831 utrosque
735 1779 954 1830 terminos,
977 1779 1158 1833 plinium
1181 1786 1222 1819 et
1244 1780 1449 1821 ultimum.
1458 1781 1483 1803 ‘⁴
1513 1780 1588 1821 sed

153 1841 195 1874 et
217 1835 288 1875 alii
308 1835 387 1887 ita,
417 1836 550 1875 veluti
572 1837 845 1877 Callimachus
863 1838 906 1877 11
926 1838 973 1877 in
992 1838 1079 1878 Cer.
1103 1841 1172 1882 99.
1213 1827 1277 1878 Ad
1304 1837 1460 1894 λέγεται.
1485 1839 1586 1881 οἰκι-
1610 1843 1619 1857 “

154 1895 336 1947 σθῆναι,
377 1893 491 1947 quod
531 1895 656 1947 vulgo
698 1896 883 1936 referunt
915 1896 967 1935 ad
1001 1896 1164 1947 ulbem,
1208 1896 1467 1950 intelligitur
1489 1894 1587 1947 τους

153 1953 461 2019 Στυμφαλίους.
495 1952 547 1992 cf.
564 1956 642 2004 24,
664 1958 704 1998 3.
759 1954 799 1993 Si
826 1954 1013 1994 homines
1042 1954 1237 1995 dicuntur
1268 1955 1496 2005 οἰκίζεσθαι
1527 1955 1588 2004 εἰς

151 2003 278 2051 τὸπον
308 2016 390 2049 est:
437 2010 664 2050 habitandi
693 2026 824 2051 causa
852 2013 995 2066 aliquo
1026 2011 1257 2064 concedere,
1299 2015 1506 2066 migrare,
1544 2028 1587 2051 ae

153 2069 351 2120 conferre.
396 2069 456 2107 De
475 2067 714 2109 hominibus
748 2084 912 2124 quoque
945 2077 1006 2110 est
1031 2066 1314 2120 ἐνοικίζεσθαι
1333 2068 1416 2120 ἕς’
1406 2067 1498 2126 ὄρος
1518 2070 1587 2123 IV,
1623 2110 1626 2115 ,

113 2133 117 2138 “
152 2128 265 2176 9,1.
294 2125 515 2174 domicilia
537 2129 580 2166 in
600 2135 736 2167 monte
754 2131 928 2182 ponet-⁶³5
969 2127 1041 2168 sed
1063 2129 1124 2179 X,
1148 2133 1196 2181 3,
1219 2133 1260 2173 2.
1292 2129 1490 2170 dicuntur
1509 2144 1586 2169 ur·-

153 2184 223 2223 bea
244 2176 493 2239 οἷκισθῆναὶ
513 2184 554 2234 ἐς
575 2182 715 2256 κώμας
734 2183 995 2240 (tedficando
1018 2193 1205 2226 mutatae
1220 2202 1304 2226 ease
1320 2188 1367 2226 in
1387 2189 1521 2239 vicos,
1545 2191 1588 2227 et

153 2242 399 2295 V1,12,3.
431 2243 550 2282 urbes
566 2239 882 2298 οἷνοικισθῆναι
892 2244 934 2294 ἐς
955 2240 1159 2306 Μεγάλην
1181 2242 1303 2296 πόλιν
1327 2245 1587 2285 contributae

152 2316 237 2340 ease
258 2300 319 2340 ad
336 2299 595 2340 condendam
615 2303 910 2356 stlegalopolin.
960 2302 1041 2343 Hic
1060 2310 1100 2343 et
1119 2303 1164 2342 in
1187 2302 1387 2358 proximis
1395 2306 1587 2359 antiqua

153 2366 192 2398 et
213 2361 414 2398 recentior
433 2361 708 2413 Stymphala&
729 2362 1062 2415 distinguuntur,
1106 2362 1178 2402 sed
1198 2361 1308 2402 illius
1325 2361 1439 2402 haud
1462 2361 1588 2411 dubie

154 2417 269 2457 nulla
287 2418 395 2457 vidit
415 2418 589 2472 vestigia
611 2420 843 2459 Pausanias.

268 2497 311 2554 §2
342 2502 384 2543 2.
449 2501 534 2542 Τοῦ
556 2502 774 2555 Πελασγοῦ
797 2498 1081 2556 Mosq.‘719av
1101 2523 1161 2532 -
1179 2515 1341 2544 τουτον.
1391 2497 1586 2541 Deorum

153 2557 207 2596 ab
231 2556 474 2596 hominibus
505 2560 764 2597 nutritorum
794 2559 980 2612 exempla
1007 2560 1086 2599 alia
1113 2559 1296 2599 invenies
1321 2573 1410 2614 cap,
1430 2560 1509 2611 25,
1545 2562 1584 2605 6.

119 2666 123 2670 k
154 2619 233 2666 36,
263 2619 304 2661 6-
335 2615 414 2667 IX,
447 2619 523 2666 33,
555 2620 595 2661 4.
626 2612 860 2670 ἐπικλήσεις
887 2622 996 2671 τρεῖς
1027 2613 1096 2659 ἐπ’
1130 2612 1237 2675 αὐτῇ
1265 2615 1444 2668 θέσθαι,
1483 2633 1585 2671 παρ-

151 2672 268 2730 θένῳ
300 2671 374 2727 μὲν
404 2672 463 2715 ἔτι
495 2671 600 2728 ου’σῃ
631 2676 750 2716 παιδί
777 2676 974 2728 Vulgata,
1017 2689 1121 2728 quae
1153 2689 1244 2727 qua
1263 2675 1585 2727 constructionis

150 2732 239 2783 lege
268 2731 431 2772 defendi
452 2739 589 2786 posset
612 2747 697 2772 non
727 2730 940 2774 inveniens
964 2734 1125 2772 correxi
1149 2733 1291 2774 παῖδα.
1356 2733 1425 2772 Sic
1436 2731 1586 2804 ὄνομα

153 2790 272 2832 ἔθετο
301 2786 605 2846 κακιζότεχνον,
636 2787 665 2845 ἢ
699 2791 888 2846 θεμένων
920 2789 1081 2844 ἄλλων,
1110 2789 1351 2845 κατέστησεν
1375 2787 1447 2844 ἐφ’
1471 2790 1587 2849 αυτῷ
