1676 3172
436 231 518 273 AD
552 230 669 273 ms.
707 229 818 271 vm.
877 230 1009 271 cu».-
1037 212 1208 272 xxvn.
1442 229 1547 277 2⁸97

24 332 37 387 “.
101 347 297 401 Vulgata,
327 360 406 401 pro
436 357 518 401 qua
544 346 687 389 nullus
708 345 895 386 dubitavi
922 345 1119 388 Clavierii
1135 345 1355 388 lectionem
1373 342 1532 396 ἕπεξελ·
1589 322 1592 330 A

99 402 262 456 θόντας
290 405 486 459 recipere.
515 418 691 458 namque
717 398 953 454 ἐπεξελθεῖν
973 405 1027 445 de
1055 406 1134 456 iis,
1167 406 1243 458 qui
1263 403 1327 443 ad
1370 416 1533 458 agnam

92 462 326 518 prodeunt,
356 469 418 502 est
435 462 662 517 proprium.
691 461 898 512 videvn,
922 466 997 514 13,
1020 465 1061 506 2.
1088 462 1128 514 Ι,
1146 465 1228 515 26,
1254 466 1292 506 1.
1385 465 1464 514 ,4‚
1488 465 1530 507 1.

14 568 16 570 ,
95 520 153 574 5,
174 524 217 567 4.
247 534 330 576 quo
357 521 503 561 ultimo
533 519 662 560 loco
647 533 694 560 m
715 519 898 570 ἐξελθεῖν
926 520 1196 575 depravatum
1217 525 1316 561 erat.
1346 519 1533 562 octavum

99 580 242 633 vulgo.
260 579 385 632 ἔμελε
404 599 465 610 --
488 580 672 632 Σηπιᾶσι
688 577 818 631 Mosq.
846 578 907 617 De
926 578 1002 618 illo
1020 578 1272 628 infortunio,
1300 578 1412 631 quod
1426 579 1532 618 Per-

101 647 241 678 sarum
260 637 381 677 classi
404 636 457 676 ad
475 635 673 690 δερὶαᾱεο
693 635 869 686 accidit,
894 642 935 675 et
955 636 1040 676 eius
1058 643 1228 676 auctore
1245 636 1377 677 Borea
1395 637 1532 677 Grae-

101 695 163 736 cis
193 709 313 749 opem
348 693 524 746 ferente,
561 700 686 733 notus
718 700 780 734 est
814 693 1017 734 Herodoti
1045 693 1162 734 locus
1190 694 1288 746 VII,
1325 697 1410 740 188
1440 707 1532 748 sqq.

101 753 296 794 Straboni
313 752 394 804 IX,
418 756 517 797 443.
543 749 696 806 (668.)
723 758 786 792 est
809 750 840 806 ἦ
862 749 1028 820 Σηπιοῖς
1047 747 1155 807 «ἕκτη
1170 747 1383 821 πετρώδης
1397 752 1534 792 Thes·

8 832 15 839 ·
101 811 238 852 saliae.
265 806 436 866 ἐρυσατο
455 833 513 840 -
523 807 697 879 αγιδος
693 830 753 843 ·-
770 806 1029 879 διεφόρησεν
1041 806 1381 879 1110qume
1408 810 1535 851 etiam

100 869 185 910 md
213 869 322 909 Frcf.
363 864 659 924 Μεγαλόπολιν
679 881 757 922 pro
778 864 982 923 Μεγάλην
1000 862 1122 911 πόλιν
1138 868 1263 909 idem.
1292 867 1452 912 ἔστιν’
1424 884 1448 912 ο
1467 889 1533 900 -

101 926 216 970 τέλει.
245 927 298 968 cf.
316 924 525 978 dalfian,
549 930 597 976 8,
620 928 662 970 4.
694 925 808 977 VIII,
830 929 908 978 10,
929 929 969 970 4.

215 982 258 1039 §-
290 988 359 1028 10.
417 980 714 1041 Μεγαλόπολιν
739 1006 795 1014 —-
826 985 1038 1034 σπονδαῖς.
1079 983 1132 1025 cf.
1166 997 1255 1038 cap.
1279 986 1355 1035 28,
1388 985 1431 1028 4.
1460 980 1535 1036 IV,

101 1045 183 1096 29,
204 1047 246 1095 8,
275 1041 371 1094 VII,
390 1045 438 1094 7,
461 1046 503 1086 2.
535 1042 642 1084 ἔνθα
661 1040 734 1084 καὶ
756 1062 807 1071 —-
828 1038 970 1097 χρεών.
999 1042 1181 1082 Auctore
1197 1041 1370 1095 Polybio
1389 1041 1439 1092 11,
1461 1042 1536 1086 51.

67 1107 71 1110 '
101 1098 318 1155 Lydioedes·
337 1099 518 1140 cecidit
505 1115 550 1140 m
569 1100 749 1154 proelio,
777 1114 860 1154 quo
873 1100 1024 1140 Achaei
1044 1115 1066 1139 a
1077 1099 1409 1140 Lacedaemoniis
1427 1098 1538 1140 victi

103 1165 203 1200 suut
227 1159 272 1199 in
290 1159 446 1226 campis
467 1158 822 1212 Megalopolitidos
837 1159 1061 1210 Laodiciis,
1093 1159 1146 1198 de
1166 1159 1317 1213 quibus
1339 1158 1393 1198 cf.
1412 1158 1537 1200 Paua.

104 1217 216 1268 VIII,
239 1220 310 1261 44.
348 1212 581 1272 Κράντιδος
600 1216 749 1268 vulg03
791 1217 940 1271 scripsi
963 1212 1199 1272 Κραύγιδος
1220 1217 1274 1256 cf.
1297 1215 1349 1255 ad
1369 1215 1438 1267 IV,
1461 1219 1538 1268 29,

103 1279 146 1322 3.
171 1247 266 1315 adu.
294 1275 404 1315 idem
425 1276 646 1314 voluerunt
657 1274 898 1328 Sylburgius
909 1274 1157 1328 Faciusque,
1180 1288 1202 1314 e
1227 1274 1340 1314 dedit
1352 1273 1538 1325 Clavier3

105 1333 244 1373 omisit
264 1339 402 1372 autem
420 1332 648 1372 Amasaeus.
676 1331 927 1374 κατέσκαπτέ
945 1347 988 1374 τε
1004 1332 1076 1374 καὶ
1097 1328 1278 1386 ἑκάστην
1298 1328 1420 1374 πόλιν
1439 1338 1539 1372 ante

103 1386 297 1441 Faciam,
321 1390 394 1444 qui
417 1404 510 1430 cum
535 1391 735 1444 Gedoyno
753 1396 795 1429 et
813 1389 1079 1443 Goldhageno
1098 1390 1259 1430 Kuh'nii
1279 1390 1543 1430 emendatio-

102 1462 198 1490 nem
218 1455 414 1515 sequutus
431 1448 597 1502 scripsit
613 1464 657 1490 τε
674 1446 746 1490 καὶ
765 1446 875 1490 ἔκαιε
893 1464 971 1501 την
993 1444 1126 1490 πόλιν.
1156 1450 1364 1489 Porsonus
1379 1454 1546 1504 monet,

104 1519 128 1548 e
158 1507 366 1560 scriptura
391 1504 560 1560 ἔκαετήν
585 1513 725 1556 ortum
759 1520 847 1546 esse
876 1507 1024 1547 vitium
1050 1503 1240 1561 ἑκάστην.
1283 1505 1549 1551 Camerarius

102 1565 323 1633 legendum
353 1578 447 1604 cum
470 1564 667 1604 Amasaeo
694 1563 868 1618 putabat
897 1563 1147 1606 κατέσκαπτε
1178 1562 1259 1619 τήν
1289 1561 1420 1607 πὸλιν.
1463 1566 1553 1624 His

14 1650 16 1653 -
93 1618 283 1677 ,δηλώσει
301 1645 357 1652 ——
367 1622 666 1676 Φιλοποίμενα
687 1622 890 1674 signifieat
909 1636 999 1676 cap.
1013 1624 1085 1666 49.
1114 1621 1488 1677 Λακεδαιμονίων
1485 1650 1554 1662 ..-

106 1680 290 1736 μέτεστιν
310 1680 443 1730 αἰτίας
464 1677 608 1732 ου’δὲν,
637 1677 747 1730 οστις
769 1682 915 1734 σφίσιν
935 1680 980 1722 ἐκ
1001 1681 1209 1734 βασιλείας
1231 1680 1487 1735 μετέστησεν
1503 1686 1556 1738 ξι

105 1739 334 1794 τυραννίδα
353 1754 376 1780 ο
366 1737 624 1792 ’Κλεομένης
639 1754 718 1792 την
739 1740 961 1782 πολιτείαν.
990 1738 1179 1805 Vulgata.
1209 1738 1335 1788 Quod
1346 1737 1554 1785 Kuhnmg

105 1797 323 1852 proposuit
349 1792 415 1839 ὅτι
446 1797 611 1849 σφίσιν,
639 1796 685 1835 id
711 1809 758 1836 eo
783 1797 996 1837 lubentius
1018 1797 1274 1852 recepimus,
1306 1812 1392 1852 quo
1414 1802 1550 1856 magis

106 1854 187 1895 id'
173 1869 302 1909 ipsius
311 1855 534 1895 Pausaniae
555 1854 789 1895 confirmari
805 1855 1020 1896 videbatur
1039 1856 1310 1908 auctoritate;
1332 1857 1549 1904 simillimo

107 1913 219 1953 enim
235 1912 359 1952 modo
380 1912 573 1966 loquutus
594 1913 742 1953 Noster
771 1920 833 1953 est
854 1914 938 1965 IX,
961 1917 1010 1965 6,
1035 1917 1081 1958 1:
1121 1917 1199 1983 τῆς
1220 1910 1268 1957 δὲ
1288 1915 1424 1967 αἰτίας
1443 1915 1547 1963 ταῦ.

106 1987 182 2025 της
198 1971 379 2028 δημοσία
399 1972 544 2024 σφίσιν
566 1986 615 2013 ου
632 1970 835 2025 μέτεστιν,
865 1989 887 2014 ο
901 1989 923 2013 τ
935 1988 950 2013 ι
970 1972 1014 2014 ἐν
1033 1973 1122 2021 ταῖς
1135 1966 1299 2027 Θήβαις
1313 1969 1544 2040 ολιγαρχίυ,

106 2029 180 2071 καὶ
207 2025 299 2083 οὐχὶ
318 2027 351 2083 ἦ
368 2025 539 2084 πάτριος
566 2030 751 2071 πολιτεία
771 2033 999 2084 τηνικαῦτα
1017 2029 1376 2084 ἵσχυεν.(]13171ε1·
1397 2036 1543 2078 eodem

108 2086 237 2127 modo·
257 2087 444 2140 scripsit,
475 2094 516 2127 et
534 2087 646 2127 idem
665 2094 727 2127 est
744 2089 790 2127 in
808 2089 1045 2140 cod.1411,
1069 2088 1143 2128 sed
1164 2083 1262 2131 cod.
1277 2093 1403 2137 1410.
1418 2093 1543 2136 habet

109 2162 172 2188 στι
193 2141 362 2199 σφήσιν.
407 2146 528 2184 Facio
551 2152 646 2185 ante
663 2143 1005 2217 17111311ῒ111113στις
1026 2147 1228 2200 quaedam
1248 2150 1453 2193 excidisse
1472 2153 1544 2193 vi-

110 2202 335 2254 debantur,
358 2209 399 2242 et
409 2204 616 2244 Personus
635 2211 733 2258 post
751 2206 884 2255 αἰτίας
906 2200 1030 2248 ου’δὲν
1049 2205 1318 2248 inserendum
1338 2205 1433 2252 ἄλλ’
1452 2225 1542 2267 pu-

106 2261 242 2312 tabat3
280 2261 351 2300 sed
372 2261 521 2300 lacuna
541 2261 613 2301 hic
632 2263 751 2302 nulla
771 2270 843 2303 est.

222 2317 510 2373 §.11.Ka2
543 2326 637 2359 ante
666 2318 875 2376 Ἡραιεῦσι
905 2320 1017 2362 abest
1045 2336 1071 2361 a
1089 2321 1221 2378 Mosq.
1248 2322 1355 2368 κατα
1375 2349 1435 2359 -
1456 2345 1541 2382 μοι.

108 2356 207 2422 vide
228 2392 317 2431 cap·
339 2380 408 2422 26.
430 2385 534 2418 exn·-
563 2394 720 2432 ταυτην
741 2380 812 2421 καὶ
835 2380 880 2421 ἐν
905 2383 961 2438 τῇ
978 2383 1222 2453 Λακωνικῇ
1234 2380 1472 2455 Θόρνακα’
1449 2403 1538 2430 ονο-

109 2431 290 2490 μάζουσι
295 2435 480 2487 Vulgata.
510 2436 581 2475 sed
600 2438 744 2477 melior
763 2445 826 2477 est
838 2424 1031 2478 Clav'ierii
1049 2441 1172 2479 lectio
1193 2458 1277 2486 απο
1297 2447 1451 2497 ταυτῆς
1467 2445 1539 2488 καὶ

111 2494 157 2537 ἐν
175 2499 252 2535 etc.
280 2494 342 2533 De
369 2495 612 2535 leornace
600 2508 646 2536 111
662 2496 869 2536 Laconica
887 2496 960 2549 111,
983 2501 1060 2551 10,
1082 2501 1148 2545 10.
1182 2501 1331 2555 Φολωη
1350 2501 1477 2558 Mosq.

171 2863 233 2906 ad
259 2866 367 2907 Tom.
389 2865 465 2909 III.
1236 2878 1255 2912 t
