1682 3172
142 209 237 256 1184
717 203 1002 247 AXAIKA

152 324 318 384 ἔφασκε
349 318 474 379 παρὰ
501 321 583 380 τῆς
605 317 839 380 Ῥωμαίων
868 318 1028 377 σφίσιν
1048 313 1262 376 ἐφεῖσθαι
1283 315 1588 435 βουλῆς,καὶ

150 393 354 442 θάνατον
377 390 545 450 ἀνδρὸς
571 394 856 450 καταγνῶναι
884 394 978 435 τῶν
1007 387 1057 434 ἐκ
1074 387 1303 448 Σπάρτης.
1353 375 1401 452 of
1427 386 1514 447 μὲν.
1531 379 1588 446 δὴ

152 463 347 519 δικάζειν
385 462 764 521 Λακεδαιμονίοις
802 459 961 520 ἠξίουν
999 459 1076 506 καὶ
1114 458 1231 517 ὑπὲρ
1269 461 1351 520 τῆς
1390 454 1589 506 ἑκάστου

154 538 311 592 ψυχῆς.
369 532 723 594 Λακεδαιμόνιοι
744 531 792 577 δὲ
815 530 920 578 οὔτε
944 528 1092 589 ἀληθῆ
1110 531 1404 589 συνεχώρουν
1423 531 1592 577 Δίαιον

57 605 140 652 553
151 605 319 663 λέγειν,
357 604 436 650 καὶ
478 602 662 663 ἀνάγειν
700 601 871 662 ἤθελον
905 599 978 646 ἐπὶ
1015 600 1100 661 τήν
1131 598 1367 660 Ῥωμαίων
1407 595 1604 661 βαυλήνί

151 676 314 735 Ἀχαιοὶ
355 675 403 722 δὲ
443 672 840 733 ἀντελαμβάνοντο
883 666 1020 726 αὖθις
1056 670 1200 719 ἄλλον
1230 672 1399 732 λόγου,
1436 667 1596 724 πόληα

110 785 115 790 .
154 746 259 794 ὅσαι
287 749 500 792 τελοῦσιν
528 746 572 799 ἐς
601 743 824 804 Ἀχαιοὺς,
852 744 1072 802 μηδεμίαν
1093 743 1170 803 ἐφ’
1193 743 1357 805 ἑαυτῆς
1377 747 1595 802 καθεστη-

152 816 283 864 κέναι
310 818 497 873 κυρίαν,
540 815 651 861 ἄνευ
679 819 764 860 τοῦ
794 818 958 862 κοινοῦ
985 818 1076 860 τῶν
1101 812 1315 875 Ἀχαιῶν,
1342 811 1470 871 παρὰ
1492 812 1596 860 Ῥω·

144 889 321 947 ’μαίους
353 889 447 948 ἰδίᾳ
476 886 719 944 πρεσβείαν
739 882 1044 946 ἀποστέλλειν.
1106 883 1315 945 Πόλεμός
1343 882 1476 944 τιδὴ
1493 881 1595 931 ἀπὸ

153 963 248 1005 τῶν
279 956 693 1018 ἀμφισβητημάτων
712 955 890 1002 τούτων
915 954 1106 1015 Ἀχαιοῖς
1123 957 1199 1002 καὶ
1215 955 1598 1014 Λακεδαιμονίοις

151 1028 340 1089 ἤρχετο,
372 1030 449 1075 καὶ
467 1026 821 1086 Λακεδαιμόνιοι
841 1027 1090 1082 συνιέντες,
1122 1026 1209 1074 οὐκ
1227 1025 1464 1086 ἀξιόμαχοι
1482 1023 1644 1091 πρὸς·

129 1095 352 1156 Ἀχαιοὺς
382 1097 519 1154 εἶναι,
559 1100 822 1158 πρεσβείαις
857 1099 1051 1158 ἐχρῶντο
1081 1097 1198 1157 πρὸς
1226 1098 1307 1152 τὰς
1334 1097 1580 1154 πόλειςαυ

155 1173 275 1226 τῶν,
306 1171 382 1216 καὶ
413 1172 506 1230 ἰδίᾳ
534 1169 650 1228 πρὸς
678 1169 759 1214 τὸν
789 1170 957 1215 Δίαιον
985 1167 1152 1227 λόγοις.
1205 1171 1254 1216 αῖ
1281 1167 1365 1228 μὲν
1390 1165 1452 1226 δὴ
1481 1168 1599 1213 κατὰ

87 1268 90 1271 «
156 1240 215 1286 τά
244 1205 360 1287 άύτὰ
378 1241 438 1287 ἀἱ
467 1240 619 1295 πόλεις
652 1240 895 1287 ἐποιοῦντο
925 1239 1005 1294 τὰς
1035 1238 1316 1298 ἀποκρίσεις,
1349 1237 1601 1298 οὔεσφισιν

159 1311 317 1366 ἔξοδον
347 1311 696 1371 ἐπαγγέλλοντος
727 1315 979 1370 στρατηγοῦ
1001 1310 1283 1370 παρακούειν
1304 1308 1424 1357 εἶναι
1441 1308 1602 1370 νόμον.

159 1383 322 1436 Δίαιος
341 1382 429 1442 γὰρ
448 1379 555 1443 ἦρχε
574 1386 666 1428 τῶν
682 1380 888 1441 Ἀχαιῶν,
920 1382 997 1429 καὶ
1015 1382 1213 1442 ἔφασκεν
1237 1381 1294 1430 οὐ
1313 1386 1370 1442 τῇ
1389 1377 1602 1441 Σπάρτῃ,

159 1459 255 1508 τοῖς
296 1453 343 1500 δὲ
371 1453 678 1512 ταράσσουσιν
718 1452 861 1513 αὐτὴν
899 1452 1165 1513 πολεμήσων
1195 1450 1453 1511 ἀφίξεσθαι.
1503 1452 1604 1509 ἐρο-

119 1554 122 1555 ⁷
161 1523 310 1584 μένων
340 1518 388 1572 δὲ
415 1529 508 1586 τῶν
536 1523 790 1585 γερόντων,
821 1523 1022 1578 ὁπόσους
1043 1523 1200 1584 ἡγοῖτο
1224 1522 1420 1581 ἀδικεῖν,
1450 1523 1605 1584 ἑσπέμ-
1631 1565 1634 1568 .

163 1669 461 1723 Spartanorum
492 1670 734 1726 capitalibus
765 1668 899 1709 causis
938 1668 1094 1710 iudicia
1123 1670 1260 1712 facere
1289 1669 1605 1724 eggressieunt.

163 1740 422 1782 Recusabant
459 1739 793 1791 Lacedaemonii,
837 1746 878 1781 et
917 1740 1122 1781 mendacii
1163 1741 1336 1782 Diaeum
1376 1745 1606 1796 arguentae,

162 1824 309 1851 rursus
339 1813 456 1854 Rom.
488 1815 685 1853 Senatum
724 1825 770 1852 ea
809 1810 860 1852 de
889 1827 934 1853 re
964 1827 1008 1852 se
1036 1827 1112 1867 per
1147 1813 1302 1867 legatos
1338 1813 1606 1854 consulturos
1676 1818 1682 1834 ⁴

165 1880 337 1922 aiebant.
398 1883 454 1923 At
482 1874 646 1924 Achaei
664 1883 747 1924 hoc
776 1883 916 1938 ipsum
948 1884 1152 1939 arripere,
1191 1891 1232 1925 et
1260 1884 1307 1925 in
1339 1884 1497 1926 crimen
1524 1896 1608 1924 vo-

166 1965 278 2004 care,
317 1969 446 2008 quum
485 1954 687 2007 dicerent,
728 1969 870 1995 earum
906 1956 1072 1997 urbium
1103 1970 1209 2010 quae
1239 1969 1380 1996 secum
1410 1956 1607 2007 facerent,

164 2024 325 2064 nullam
349 2026 517 2066 omniuo
549 2025 615 2067 sui
644 2013 729 2066 esee
758 2026 882 2079 iuris,
915 2034 986 2068 aut
1003 2041 1126 2082 posse
1147 2041 1287 2068 earum
1310 2026 1493 2080 aliquam
1514 2025 1608 2081 pri-

165 2095 294 2135 vatim
324 2097 412 2137 sine
441 2097 609 2152 publico
640 2097 827 2138 universi
857 2099 1025 2139 concilii
1055 2098 1220 2139 decreto
1251 2099 1424 2139 Romam
1452 2098 1609 2152 legatos

166 2165 339 2206 mittere.
397 2167 464 2207 Ex
491 2166 556 2208 his
588 2169 964 2210 concertationibus
994 2170 1095 2210 belli
1126 2185 1270 2211 causae
1292 2169 1402 2210 inter
1422 2168 1611 2221 Achaeos

169 2242 210 2274 et
249 2237 591 2279 Lacedaemonios
620 2240 844 2280 exstitere.
917 2241 1023 2281 Satis
1071 2242 1358 2295 intelligebant
1396 2241 1608 2296 Spartani,

169 2308 302 2348 multo
334 2324 377 2349 se
408 2309 684 2350 esse-Achaeis
707 2312 855 2365 opibus
876 2313 1105 2354 inferiores.
1167 2313 1306 2363 Quare
1333 2312 1510 2353 dimissis
1533 2326 1611 2367 per

170 2378 312 2430 urbes,
345 2395 450 2434 quae
469 2380 673 2421 Achaicae
694 2382 864 2423 ditionis
891 2390 1026 2435 erant,
1059 2385 1112 2425 ad
1133 2385 1274 2440 ipsum
1294 2383 1418 2424 etiam
1437 2383 1611 2423 Diaeum

173 2449 368 2502 privatim
397 2452 564 2504 legatis,
606 2452 761 2493 bellum
797 2454 1138 2507 deprecabuntur.
1198 2456 1236 2496 A
1271 2454 1508 2495 civitatibus
1539 2468 1610 2495 re·-

173 2532 370 2572 spousum
392 2523 545 2576 tulere,
578 2539 707 2578 quum
736 2525 819 2564 iam
849 2532 1014 2580 praetor
1044 2522 1142 2567 suus
1171 2532 1222 2566 ut
1248 2525 1506 2566 iuventutem
1540 2541 1611 2567 ar-

174 2598 326 2631 matam
357 2595 597 2648 educerent,
640 2597 921 2649 denunciarit,
964 2602 1155 2652 oportere
1183 2611 1226 2637 se
1257 2596 1368 2637 dicto
1400 2596 1613 2638 audientes
1634 2628 1643 2643 .

175 2676 283 2724 cese:
334 2664 501 2705 Praetor
540 2666 628 2720 ipse
659 2667 809 2726 Diaeus¹
848 2683 934 2708 non
967 2671 1135 2724 Spartae
1171 2667 1305 2707 aiebat
1327 2681 1403 2719 .se‚
1444 2667 1517 2707 sed
1546 2668 1611 2723 iis,

178 2734 252 2787 qui
270 2734 353 2774 eius
373 2735 551 2777 civitatis
573 2738 702 2780 otium
723 2739 962 2790 turbarent,
993 2740 1150 2780 bellum
1170 2740 1398 2780 illaturum.
1457 2738 1520 2778 Ac
1539 2755 1613 2780 ro·-
1660 2730 1665 2734 ’

175 2801 297 2858 gante
327 2806 498 2858 Senatu,
538 2816 732 2863 quotnam
773 2825 859 2852 esse
898 2817 1065 2867 putaret
1105 2811 1181 2853 otii
1219 2817 1261 2853 et
1298 2810 1614 2866 tranquillitatis
