1682 3172
153 183 239 228 470
675 181 1059 228 ΛΡΚΑΔΙΚΑ

152 296 230 343 καὶ
264 294 448 342 πόλεσιν
480 294 566 344 οὐκ
599 294 815 357 ἀφανέσι,
856 297 1076 358 Μεσσήνῃ
1112 299 1191 344 καὶ
1221 297 1416 360 Μεγάλῃ
1445 298 1578 364 πόλει

153 370 208 426 τῇ
235 363 490 423 Ἀρκάδων,
519 368 828 428 λογιμωτέραν
857 368 940 428 τὴν
964 367 1156 414 Ἐλλάδα
1187 368 1405 429 ἐποίησεν.
1463 363 1580 419 εἶναι

154 436 202 482 δὲ
235 434 446 482 ἁπάντων
462 435 701 498 ”Ἑλλήνων
728 438 806 486 καὶ
835 439 1107 498 Λεωσθένην
1135 440 1318 498 τίθεμαι
1346 441 1424 492 καὶ
1448 440 1592 499 Ἆρα-ν

151 522 233 552 τον
263 504 514 566 εὐεργέτας’
547 507 572 556 ὁ
602 510 684 569 μὲν
712 509 764 555 τὸ
789 506 1016 567 Ἑλλήνων
1045 509 1406 569 μισθοφορικόν,
1436 512 1513 559 καὶ
1531 511 1580 563 ,ἐν

154 577 352 635 Πέρσαις
388 577 488 635 περὶΙ
520 578 648 627 πέντε
684 594 776 626 που
815 577 1041 636 μυριάδας
1077 579 1149 626 ἐπὶ
1185 580 1420 627 θάλασσαν
1448 598 1581 628 κατα-

152 647 343 706 βάντας,
372 648 537 695 ναυσὶν
562 649 606 703 ἐς
622 649 707 709 τὴν
729 646 921 694 Ἑλλάδα
947 647 1143 697 α’νέσωσε
1164 652 1242 698 καὶ
1262 650 1452 704 ἄκοντος
1470 648 1582 697 Ἀλε-

151 718 372 777 ξάνδρου·
410 718 467 764 τὰ
505 720 554 765 δὲ
592 719 638 775 ές
659 718 858 777 ’Ἄρατον
898 717 1091 778 ἐδήλωσε
1131 721 1186 781 δή
1217 739 1295 781 μοι
1324 723 1410 767 τοῦ
1437 719 1582 781 λόγου

152 789 208 834 τὰ
247 789 293 843 ἐς
328 790 623 844 Σικυωνίους.
687 791 764 849 (3)
800 789 862 835 Τὸ
894 789 944 836 δὲ
972 789 1228 851 ἐπίγραμμά
1257 790 1380 839 ἐστιν
1408 789 1481 838 ἐπὶ
1516 792 1583 852 τῷ

156 861 452 919 Φιλοποίμενι
480 859 533 906 τὸ
563 860 611 907 έν
645 860 803 922 Τεγέᾳ·

276 929 405 976 Τοῦδ’
434 928 558 989 άρετοὶ
586 933 657 976 καὶ
688 929 787 986 δόξα
813 930 921 978 καθ’
947 929 1142 987 Ἑλλάδα,
1171 930 1303 976 πολλά
1324 930 1400 989 μὲν
1423 928 1588 988 ἀλκαῖς,λ

338 1001 482 1047 Πολλά
509 1002 554 1047 δὲ
582 1005 654 1048 καὶ
684 1006 854 1060 βουλαῖς
883 1004 980 1062 ἔργα
1008 1003 1314 1060 πονησαμένου,

266 1070 467 1131 Ἀρκάδος
497 1074 674 1130 αἰχμητᾶ
701 1076 1020 1130 Φιλοποίμενος·
1061 1070 1094 1135 ᾧ
1124 1075 1226 1132 μέγα
1255 1075 1383 1127 κῦδος

317 1140 491 1187 ’“Ἐσπετ’
523 1144 587 1187 ἐνὶ
617 1144 826 1203 πτολέμῳ,
857 1141 1058 1202 δούρατος
1089 1142 1268 1202 ἄγεμόνι.

268 1211 440 1258 Mamm
469 1211 514 1257 δὲ
544 1210 719 1270 τρόπαια
749 1215 969 1272 τετυγμένα
998 1214 1119 1258 δισσοὶ
1147 1212 1368 1271 τυράννων

328 1281 549 1341 Σπάρτας·
591 1281 825 1340 αὐξομέναν
855 1282 898 1328 δ’
927 1284 1054 1342 ἄρατο
1085 1283 1357 1329 δουλοσύναν.
1439 1336 1441 1339 ,

264 1347 344 1397 Ὧν
374 1354 511 1398 ἕνεκεν
545 1354 670 1412 Τεγέα
700 1352 988 1412 μεγαλόφρονα
1017 1352 1253 1413 Κραύγιδος
1279 1354 1373 1401 υἵόν

328 1428 487 1468 Στᾶσεν
517 1421 742 1481 άμωμήτου
778 1422 976 1483 κράντορ’
1006 1426 1253 1483 ἐλευθερίας.

151 1495 287 1540 τοῦτο
316 1492 397 1552 μὲν
426 1492 483 1551 δὴ
512 1491 712 1540 ἐνταῦθά
743 1493 868 1540 ἐστιν’
893 1495 1161 1555 ἐπίγραμμα.

152 1624 329 1666 duarum
357 1623 526 1665 minime
556 1624 824 1665 obscurarum
853 1625 1040 1677 urbium,
1081 1625 1308 1679 Messenes,
1340 1633 1382 1668 et
1408 1624 1585 1668 Arcadi-

151 1708 224 1735 cae
246 1693 528 1750 ·Megalopolis
572 1694 804 1735 accessione
843 1695 1041 1736 Graecam
1081 1695 1349 1738 illustriorem
1386 1697 1607 1754 reddidi&¹

149 1765 460 1807 Adnumerandi
489 1765 684 1806 Graeciae
720 1764 957 1820 parentibus
993 1765 1082 1805 iure
1123 1767 1247 1806 etiam
1283 1766 1438 1808 fuerint
1476 1768 1585 1809 Leo-

150 1836 313 1883 sthenes
336 1844 378 1878 et
399 1837 560 1878 Aratus.
618 1836 693 1876 Ine
722 1835 831 1876 enim
854 1837 1030 1876 Graecos
1058 1836 1360 1889 conductitios,
1394 1838 1465 1893 qui
1481 1839 1584 1879 Per-

153 1906 209 1947 sis
238 1907 442 1962 stipendia
472 1908 676 1959 fecerant,
708 1906 761 1946 ad
781 1905 1076 1959 quinquaginta
1096 1921 1229 1962 prope
1250 1907 1431 1949 militum
1450 1909 1584 1950 millia

153 1978 199 2018 in
216 1980 340 2019 nav'es
361 1978 585 2034 impositos,
602 1977 734 2018 invito
758 1975 878 2015 etjam
894 1975 1144 2029 Alexandro,
1166 1977 1213 2016 in
1235 1978 1448 2019 Graeciam
1468 1980 1584 2020 inco-

152 2048 284 2088 lumes
304 2049 546 2103 reportavit.
593 2048 710 2088 Arati
736 2060 835 2087 vero
863 2046 1007 2085 merita
1029 2061 1081 2086 ex
1099 2047 1149 2087 iis
1178 2048 1370 2101 cognosci
1392 2057 1582 2104 possunt,

156 2132 260 2172 quae
299 2119 349 2158 de
379 2119 667 2173 Sicyoniorum
704 2116 826 2158 rebus
865 2116 986 2169 gestis
1019 2117 1350 2172 conscripsimus.
1407 2118 1487 2176 (ὃ)
1517 2121 1584 2163 Ad

155 2187 479 2244 Philopoemenis
500 2188 664 2243 quidem
684 2193 862 2227 statuam
882 2188 1032 2240 Tegeae
1057 2187 1151 2227 talis
1171 2188 1324 2242 legitur
1342 2190 1581 2248 inscriptio:

382 2271 488 2307 Cuius
510 2269 679 2304 virtutem
702 2269 832 2304 mirata
855 2273 911 2303 est
935 2269 1102 2314 Graecia,
1133 2270 1266 2319 quique

437 2328 554 2364 Multa
576 2341 682 2364 manu
706 2330 836 2375 gessit,
861 2330 1043 2379 multaque
1068 2330 1241 2374 consilio,

379 2389 537 2424 Arcados
556 2388 681 2423 invicti
699 2389 987 2435 Philopoemenis
1005 2389 1094 2424 haec
1110 2397 1360 2437 monumenta,

441 2450 554 2491 Quem
577 2448 665 2483 belli
691 2449 831 2483 ornavit
854 2449 970 2495 gloria
994 2449 1091 2483 clara
1115 2448 1253 2484 ducem.

383 2505 477 2541 Huic
497 2506 567 2542 duo
587 2508 632 2542 de
651 2508 801 2554 geminis
819 2509 957 2543 excelsa
974 2508 1148 2554 trophaea
1162 2510 1343 2556 tyrannis,

440 2566 563 2601 Erexit
585 2569 712 2613 Sparte
737 2567 850 2603 libera
874 2568 1033 2602 servitio.

382 2622 495 2659 Grata
519 2626 626 2660 etiam
650 2626 769 2672 Tegee
794 2638 859 2672 pro
883 2627 1050 2662 libertate
1076 2634 1221 2673 recepta

443 2684 628 2730 Craugidis
652 2685 742 2720 haec
765 2692 875 2731 gnato
899 2686 1123 2732 magnanimo
1144 2687 1274 2734 posuit.

164 2747 223 2788 Ac
251 2748 344 2790 talis
376 2752 538 2804 quidem
566 2755 655 2796 illic
683 2762 817 2798 exstat
845 2756 1071 2815 inscriptio.
