1676 3172
155 282 245 327 316
615 271 1130 326 ADNOTATmNEs'

156 392 330 448 οὐδενός
350 393 478 442 ὂῖλλου
495 395 703 454 Αἰσχύλος
723 400 747 445 ὁ
770 397 1053 458 Εὐφορίωνος
1071 397 1239 458 ’ἥρπασε
1258 398 1304 446 τό
1319 399 1398 458 ἐγώ
1422 398 1587 459 φράσω,

154 459 312 509 μοῦνος
332 455 386 511 δή
409 457 614 512 ποιητέων
642 462 725 501 τῶν
746 459 1080 516 προγενομένων·
1120 460 1287 515 ἐποίησε
1306 458 1587 517 γᾰρ”Λρτεμιν

153 510 262 556 εἶναι
284 515 494 571 θυγατέρα
511 513 744 574 Δήμητρος.
773 518 819 559 in
838 519 1019 558 dramate
1041 519 1179 573 aliquo
1197 533 1312 559 nunc
1333 518 1506 574 perdito'
1519 518 1587 559 di-

150 579 271 612 xerat
300 572 383 613 hoc
406 573 647 629 Aeschylus.
689 576 733 627 ἐς
751 580 923 630 Λητοῦς
948 577 1078 631 Mosq.
1117 574 1204 620 ὖπό
1229 580 1314 619 ταῖν
1343 573 1587 634 ἀγαλμάτων

150 631 228 670 sub
257 632 505 672 simulacris
535 635 693 675 Cereris
721 650 769 675 ac
790 635 1024 689 Despoenae
1051 636 1079 675 i.
1104 649 1137 676 e.
1169 634 1214 678 ἐν
1243 631 1490 690 ὑποδήματι
1515 649 1587 676 seu
1610 687 1611 690 Ἴ

148 690 316 745 &pavlo
348 693 431 732 τῶν
452 687 709 748 ἀγαλμάτων.
741 695 794 734 cf.
816 694 872 745 V,
899 697 975 745 11,
999 697 1040 737 2.
1070 690 1155 736 ’ὖπδ
1175 694 1253 733 sub
1274 708 1368 734 cum
1392 694 1586 735 Genitivo

149 747 275 787 etiam
293 748 389 800 VH,
423 753 463 793 2.
493 757 599 790 extr.
627 751 743 802 VIII,
765 751 841 803 35,
867 756 908 796 8.
938 749 989 794 τοὶ
1019 751 1062 802 ἐς
1090 748 1367 807 Κορύβαντας
1396 748 1588 823 ἀπειργα-

123 825 133 834 2
148 803 327 858 σμένους
348 807 415 849 ἐπὶ
436 811 513 850 τοῦ
532 805 700 865 βάθρου
730 808 849 865 (ἓνός
871 808 917 852 δὲ
945 808 1040 853 οἶδα
1066 806 1234 853 ἀλλοῖον
1257 809 1329 853 καὶ
1349 806 1401 853 ov’
1420 813 1587 866 Κουρη-

146 862 241 917 τος)
266 865 451 918 Vulgata.
481 868 658 922 Scripsi,
679 869 793 922 quod
809 869 992 923 Heynius
1009 869 1092 908 iam
1108 869 1245 909 voluit
1259 868 1459 923 inAntiq.
1470 869 1586 911 Aufs.

147 921 180 960 I·
199 937 241 976 p.
265 926 343 975 15,
373 924 729 981 ἐπειργασμένους.
762 928 814 967 cf.
832 931 882 980 9,
904 931 941 971 1.
960 927 1038 978 III,
1060 932 1132 978 17,
1153 931 1194 971 3.
1223 927 1299 967 ubi
1319 926 1460 967 eadem
1481 941 1586 968 con-

146 981 269 1021 fusio.
309 981 627 1040 ἐπειργασμένος
652 986 912 1026 construitur
936 986 1060 1026 modo
1086 1000 1179 1026 cum
1202 985 1353 1026 nativo
1387 985 1488 1041 (III,
1516 989 1585 1038 17,

147 1044 188 1083 3.
219 1039 297 1092 VI,
325 1045 401 1093 19,
424 1045 464 1085 9.
493 1043 679 1095 vl11‚49,
703 1048 741 1088 1.
762 1048 842 1095 48,
870 1042 932 1097 1.)
965 1045 1088 1084 modo
1112 1058 1208 1085 cum
1227 1043 1315 1096 ἐπὶ,
1347 1043 1417 1085 eui
1438 1050 1479 1084 et
1500 1044 1585 1083 Ge·-

146 1099 304 1139 nitivus
323 1106 364 1139 et
386 1100 561 1141 Dativus
583 1101 773 1154 additur,
795 1110 843 1142 ut
859 1103 964 1153 VHI,
983 1107 1052 1154 31,
1077 1107 1113 1147 l.
1143 1099 1278 1143 Verba
1297 1099 1391 1152 ἕνός
1403 1125 1453 1133 —-
1470 1099 1585 1144 Κού-
1655 1162 1661 1167 q

147 1172 270 1212 ρητος
295 1158 345 1197 ab
362 1157 558 1199 Amasaeo
579 1161 832 1215 transposita
851 1168 973 1213 sunt,
996 1175 1119 1214 quem
1135 1161 1193 1200 ita
1212 1161 1397 1200 imitatus
1416 1167 1478 1201 est
1488 1160 1584 1200 Cla-

145 1215 254 1255 vier:
304 1216 485 1268 „Quant
515 1232 603 1258 aux
624 1217 791 1261 Curetes
822 1220 895 1274 qui
922 1226 1018 1260 sont
1046 1220 1304 1273 representes
1329 1233 1384 1269 au
1413 1218 1583 1260 dessous

146 1274 219 1313 des
240 1280 397 1314 statues
421 1274 535 1331 (l'un
555 1277 679 1318 d’eux
699 1284 760 1317 est
775 1284 893 1317 toute
913 1284 1031 1317 autre
1051 1277 1173 1318 chose
1192 1279 1323 1331 qu’un
1346 1275 1516 1331 Curete)
1541 1283 1584 1319 et

145 1346 229 1371 aux
258 1333 510 1386 Corybantes
543 1336 628 1388 qui.
640 1337 666 1359 “
717 1336 868 1390 Nibbyi
897 1335 1200 1390 interpretatio:
1249 1350 1309 1387 „e
1339 1336 1476 1389 quello
1506 1335 1583 1376 che

143 1397 279 1444 spetta
301 1393 339 1430 ai
353 1392 563 1432 Coribanti
582 1395 687 1433 suna
696 1395 793 1434 base
814 1395 983 1448 scolpiti
1006 1393 1100 1446 (che
1122 1393 1174 1432 ad
1193 1407 1254 1432 un
1271 1394 1378 1432 altro
1402 1408 1579 1435 conosco
1621 1392 1623 1398 ’

143 1456 433 1503 ειΡΡοῙ-ῒεηοτε,
475 1465 497 1490 e
526 1465 614 1491 non
644 1467 667 1491 a
697 1450 906 1506 Curete)“
948 1451 1236 1492 difficultatem
1267 1465 1354 1490 non
1380 1451 1579 1504 removet,

142 1521 248 1560 quae
267 1509 440 1548 fortasse
459 1509 518 1548 ita
545 1510 786 1562 corrigendo
809 1510 902 1550 tolli
923 1509 1097 1563 poterit:
1138 1507 1286 1563 γένους
1309 1505 1354 1550 δὲ
1377 1503 1492 1552 οὗτοι
1514 1506 1582 1552 ἆλ-

141 1568 260 1608 λοίου
278 1566 350 1608 καὶ
373 1567 417 1608 οἱ
428 1563 641 1623 Κούρητες
661 1569 777 1608 alcas
796 1575 895 1607 sunt
910 1568 1075 1621 generis
1088 1566 1338 1619 Corybantes
1349 1574 1476 1620 atque
1490 1567 1582 1611 0111·-v

140 1633 255 1665 retes.
295 1625 344 1664 In
362 1625 490 1679 Mosq.
514 1633 576 1666 est
597 1629 821 1680 Κουρῆτας
837 1640 915 1680 pro
938 1620 1167 1680 Κούρητος.
1218 1625 1278 1663 De
1297 1625 1579 1678 Corybantum

141 1684 265 1735 orgiis
285 1697 327 1723 v.
349 1684 535 1725 Clemens
556 1684 675 1725 Alex.
696 1685 816 1725 Adm.
838 1685 892 1725 ad
911 1690 1021 1738 gent.
1041 1698 1085 1739 p.
1111 1686 1179 1728 12.
1199 1682 1312 1738 Sylb.
1346 1683 1420 1738 qui
1436 1685 1580 1739 refert,

140 1741 311 1782 Cabirus
331 1742 494 1783 eosdem
514 1743 748 1784 nominatos
772 1757 871 1784 esse.
1540 1752 1542 1755 ⁴

255 1822 297 1878 §2
327 1827 368 1870 4.
429 1827 553 1880 Πλῆν
575 1826 717 1882 ροιᾶς·
758 1825 853 1866 Huc
873 1824 1056 1880 pertinet
1073 1823 1180 1864 illud
1202 1824 1421 1865 Clementis
1435 1824 1575 1867 Alex:

138 1882 187 1926 αἱ
207 1880 618 1939 θεσμοφοριᾶζουσαι
635 1887 713 1939 τῆς
730 1884 851 1937 ῥοιᾶς
870 1881 968 1933 τούς
987 1880 1163 1932 κόκκους
1185 1878 1577 1939 παραφυλάττουσιν

136 1942 318 1984 ἐσθίειν·
350 1943 394 1986 ἐκ
414 1945 499 1984 τῶν
519 1946 596 1984 τοῦ
606 1939 818 1984 Διονύσου
839 1942 1010 1996 αἵματος
1029 1936 1239 1998 σταγόνων
1255 1941 1576 2013 βεβλαστηκέναι

136 2001 351 2054 νομίζουσι
379 1998 455 2050 τὰς
482 1996 614 2053 ροιάς.
659 2000 836 2040 Admon.
860 2000 913 2039 ad
940 2006 1079 2052 gentes
1102 2014 1144 2053 p.
1168 2004 1235 2043 12.
1274 1995 1397 2042 ου’ὂὲν
1426 1997 1576 2053 ὃψεται

135 2056 214 2112 τήν
237 2055 370 2113 ἀρχήν
383 2059 558 2112 Vulgata
570 2074 581 2110 3
604 2060 751 2113 scripsi
770 2056 868 2101 ου’δὲ
888 2056 1038 2112 ὄψεται
1055 2054 1133 2114 τήν
1154 2053 1306 2114 ἄρχήν·
1330 2058 1445 2112 quod
1460 2071 1573 2100 nunc

134 2116 258 2158 video
277 2118 507 2158 Porsonum
529 2132 696 2172 quoque
715 2118 907 2158 voluisse.

251 2198 295 2253 ὃ·
325 2200 366 2243 5-
430 2203 516 2255 Τῆς
542 2199 588 2243 δὲ
610 2200 786 2253 σποίνης
806 2199 936 2252 Mosq.
959 2197 1010 2237 de
1029 2211 1070 2238 v.
1092 2195 1271 2258 μέγαρον
1285 2198 1340 2238 ad
1362 2213 1451 2253 cap.
1465 2203 1507 2251 6,
1529 2204 1571 2245 2.

134 2254 268 2300 πολλά
284 2273 326 2299 τε
342 2257 413 2300 καὶ
429 2256 625 2312 ἄφθονα·
655 2259 854 2310 Vulgata;
883 2256 1053 2297 videtur*
1062 2272 1104 2299 τε
1116 2256 1411 2297 eliminandum
1419 2273 1432 2309 3
1457 2258 1571 2312 quod

133 2317 244 2356 inter
272 2317 388 2372 δεξιᾷ
417 2323 459 2356 et
489 2314 736 2370 ἀποτέμνειν
754 2317 885 2370 Mosq.
908 2314 1050 2354 omisit
1074 2330 1140 2367 τε,
1171 2316 1307 2354 forsan
1334 2314 1414 2355 hoc
1433 2316 1571 2369 ipsum

133 2381 210 2418 est.
247 2375 438 2414 similiter
471 2383 560 2429 cap.
579 2378 658 2426 44,
691 2379 730 2419 6.
769 2371 875 2428 γάλα
903 2370 1011 2415 πολύ
1043 2372 1116 2415 καὶ
1148 2371 1367 2425 ἄφθονον·
1409 2374 1569 2414 mireris

131 2431 243 2472 hanc
261 2433 576 2484 abundantiam,
609 2433 682 2472 sed
699 2448 745 2472 ea
765 2439 826 2472 est
843 2431 1096 2482 Herodotea3
1129 2432 1187 2471 sie
1208 2431 1280 2470 ille
1298 2429 1452 2487 χρυσόν
1471 2436 1568 2485 πολ-

132 2488 207 2532 λόν
230 2490 301 2533 καὶ
328 2489 529 2544 ἄφθονον
547 2491 648 2542 VII,
674 2495 743 2536 83.
777 2487 941 2546 φάρυγξ
960 2490 1130 2529 foemini
1150 2490 1320 2542 generis.
1349 2504 1389 2530 v.
1413 2489 1566 2544 Plu-yn.

131 2563 174 2602 p.
204 2551 273 2593 65.
306 2555 347 2588 et
376 2549 438 2588 ibi
467 2550 567 2589 Lob.
602 2550 838 2601 Infinjtivus
866 2545 1110 2602 ἀποτέμνειν
1137 2548 1324 2602 pendere»
1346 2554 1484 2602 potest
1516 2548 1566 2588 ab

133 2607 283 2646 omisso
325 2606 583 2662 καθέστηκεν
623 2622 695 2648 seu
703 2638 715 2659 ,
758 2608 872 2661 quod
907 2606 1148 2660 Sylburgius
1179 2606 1334 2657 voluit,
1375 2603 1566 2649 εἰώθασι.

133 2665 275 2714 Quum
294 2665 406 2705 idem
424 2666 657 2719 suspicatus
688 2673 791 2706 esset
820 2665 1038 2718 legendum
1061 2678 1147 2704 esse
1173 2659 1411 2718 α’ποτέμνει,
1439 2663 1569 2717 idque

130 2723 392 2776 repetivisset
409 2724 576 2777 Facias,
606 2724 769 2764 Clavier
792 2738 878 2765 non
908 2723 1116 2764 dubitavit
1142 2718 1203 2763 ita'
1230 2722 1421 2772 scribere.
1460 2718 1565 2765 ἄπο-

130 2780 268 2837 τέμειν
289 2782 422 2836 Mosq.

245 2848 288 2906 §.
318 2855 359 2898 6·
421 2855 685 2904 Ποσειδῶνος
715 2849 824 2896 εἶναί
853 2861 976 2907 φασι,
1005 2851 1078 2910 καὶ
1101 2847 1325 2906 Δήμητρος
1353 2848 1564 2903 ἐπίκλησις
