1676 3172
163 265 250 310 308
631 261 1142 307 ADNOTATIONES
1225 286 1227 292 ·

161 378 220 432 gii
245 377 570 420 emendationem
595 378 939 431 confirmandam,
969 378 1057 420 hue
1078 393 1167 421 non
1187 381 1381 437 pertinet.
1421 378 1479 433 ὥς
1509 396 1604 424 cum

163 438 447 478 numeralibus
477 438 755 478 cardinalibus
785 440 952 477 circiter
958 453 974 488 ,·
1014 440 1068 478 cf.
1092 438 1134 493 §.
1152 444 1193 484 7.
1223 441 1412 495 exempla
1444 441 1525 481 alia
1556 441 1605 482 in

162 496 262 537 Lex.
285 495 477 551 Xenoph.
498 511 540 551 p.
562 498 647 540 615
662 526 673 547 ,
695 498 765 541 25.
797 497 1011 550 Χαρισίων
1030 498 1155 550 vulgo
1168 512 1180 550 ;
1219 498 1368 552 scripsi
1392 501 1604 555 Χαρισιῶν

164 569 190 594 a
207 554 470 595 Nominativo
493 555 712 610 Χαρισίαι,
742 555 792 593 de
814 568 895 607 quo
918 568 960 593 v.
984 555 1076 596 adn.
1104 555 1157 594 ad
1177 571 1266 611 cap.
1290 561 1339 607 3,
1365 559 1404 600 1.

281 611 323 666 §.
354 616 394 656 6.
456 608 584 662 Πόλις
603 611 647 654 δὲ
667 607 778 666 ἦσαν
799 612 869 653 καὶ
893 613 937 654 οἱ
957 609 1208 668 Τρικόλωνοί
1223 629 1323 656 ποτε
1342 613 1437 668 μέν·
1478 609 1542 669 ἦν·
1557 611 1605 658 δὲ

164 665 320 714 αὐτόθι
351 668 423 712 καὶ
455 670 498 720 ἐς
524 669 636 724 ἧμας
663 670 720 712 ἔτι
746 687 782 712 κ.
802 686 835 711 τ.
858 673 892 711 λ.
923 670 1108 723 Vulgata.
1153 668 1299 722 Πόλεις
1319 672 1447 726 Mosq.
1484 686 1604 715 ποτε·

164 728 282 785 μένει
313 726 359 770 δὲ
392 729 439 767 in
459 728 656 768 Parisinis
686 742 774 768 esse
805 728 1016 768 codicibus
1047 732 1172 774 1410.
1206 731 1332 775 1411.
1368 730 1603 771 Boeckhius

163 786 270 828 mihi
291 786 514 838 indicavit3
555 787 664 826 idem
684 787 888 841 reperitur
906 787 952 826 in
971 787 1102 843 Mosq.
1120 802 1214 827 nam
1230 803 1309 842 pro
1331 782 1388 843 ἦν
1405 788 1528 829 habet
1544 789 1600 831 εἰ·

164 845 315 900 scripsi
342 844 470 897 igitur
494 858 589 884 cum
607 845 809 885 Clavierio
833 856 948 886 ποτε·
990 845 1103 899 μένει
1122 845 1177 888 δέ.
1218 847 1298 887 Pro
1317 847 1487 899 vulgato
1507 841 1604 889 ταύ-

165 918 240 957 της
262 903 390 956 Mosq.
413 901 537 943 offert
555 898 727 955 ταύτας,
756 902 829 943 sed
850 902 1011 943 Clavier
1029 903 1146 943 dedit
1167 900 1359 956 ταύταις,
1392 905 1506 958 quod
1526 917 1605 945 ve·-

163 974 259 1003 rum
292 967 375 1012 est;
406 961 585 1001 Pluralis
613 962 722 1000 enim
752 962 932 1001 refertur
965 961 1018 1000 ad
1048 961 1247 1002 Charisias
1275 968 1318 1002 et
1345 963 1602 1014 Tricolonos,

167 1033 346 1073 quarum
369 1019 603 1058 conditores
628 1018 834 1059 Charisius
857 1025 897 1058 et
911 1019 1154 1059 Tricolonus
1169 1020 1372 1074 Lycaonis
1389 1020 1468 1060 filii
1489 1034 1511 1060 e
1531 1034 1604 1060 ca-

164 1078 252 1134 pite
271 1084 320 1128 8,
347 1081 385 1120 1.
405 1077 497 1116 noti
519 1083 627 1117 sunt.
678 1077 760 1117 Hic
780 1077 942 1129 Ζοιτία,
973 1077 1212 1132 alitercap.
1237 1083 1312 1130 27,
1336 1082 1376 1123 3.
1407 1075 1605 1134 ἀπωτέρω

168 1134 246 1190 μὲν
271 1131 542 1188 Τρικολώνοω
568 1134 742 1186 Aldina,
772 1135 988 1188 Xylander
1009 1138 1152 1189 posuit
1178 1133 1459 1191 Τρικολώνου,
1490 1135 1605 1191 quod

165 1194 213 1234 in
230 1194 422 1234 Francof.
447 1199 489 1232 et
507 1193 646 1234 Kuhn.
666 1193 728 1235 ed.
747 1193 927 1244 transiit,
956 1193 1029 1249 sed
1050 1194 1189 1234 verius
1218 1190 1486 1249 Τρικολώνων
1504 1207 1603 1246 esse,

165 1252 249 1291 iam
271 1251 513 1305 Sylburgius
533 1251 841 1302 animadvertit,
865 1251 977 1304 quod
1002 1252 1145 1291 codice
1161 1252 1289 1306 Mosq.
1314 1253 1603 1293 confirmatum

163 1310 347 1350 restituit
374 1309 554 1349 Faeius.¹¹
576 1308 696 1351 πέντε
714 1331 774 1339 —-
795 1310 842 1350 ἐκ
870 1305 1142 1363 Τρικολώνων
1175 1311 1312 1350 omisit
1334 1311 1464 1364 Mosq.
1507 1304 1602 1352 κατ’

165 1364 276 1410 εὐθύ
299 1367 344 1406 id
366 1374 427 1406 est
447 1363 551 1408 κατοῖ
578 1365 657 1421 τήν
682 1363 854 1408 εὐθεῖαν
875 1373 923 1406 ut
943 1365 986 1419 ᾗ.
1003 1372 1042 1411 7.
1075 1368 1244 1420 οἰκῆσαι
1263 1369 1415 1421 vulg03
1447 1368 1603 1410 rectius

163 1439 262 1466 cum
280 1425 474 1465 Amasaeo
495 1424 649 1466 οἰκίσαι
666 1425 813 1475 scribi,
843 1430 956 1464 recte
974 1425 1139 1464 monuit
1161 1426 1424 1478 Sylburgius‚
1455 1432 1496 1466 et
1513 1439 1603 1465 me·-

167 1498 262 1524 cum
282 1483 442 1536 recepit
461 1482 635 1522 clavier.
675 1482 876 1537 Παρωρία
901 1482 1023 1522 etiam
1040 1496 1128 1535 cap.
1154 1486 1212 1526 27
1224 1514 1236 1535 ,
1256 1489 1297 1528 8.
1329 1480 1603 1539 Παρωρεάται

164 1548 263 1582 sunt
293 1542 407 1595 apud
425 1541 558 1580 strab.
578 1540 692 1591 VIH,
716 1543 814 1584 346.
847 1537 970 1594 (84.)
992 1546 1033 1579 et
1056 1540 1209 1580 Herod.
1230 1541 1299 1592 IV,
1329 1543 1437 1592 148,
1467 1541 1540 1580 sed
1555 1541 1603 1580 in

164 1599 402 1654 Triphylia,
434 1598 699 1638 scribendum
717 1603 854 1637 autem
867 1599 1163 1653 Παρωρεᾶται,
1191 1612 1369 1652 namque
1390 1599 1502 1653 apud
1514 1599 1604 1639 He-

162 1658 252 1700 rod.
274 1658 390 1709 VIII,
417 1659 488 1702 73.
522 1656 734 1697 invenitur
761 1655 887 1695 etiam
913 1657 1212 1711 Παρωρεῆται,
1250 1656 1324 1696 ubi
1353 1656 1404 1696 iis
1434 1657 1603 1696 Lemnia

162 1716 363 1757 tribuitur
383 1715 511 1767 origo.
542 1713 748 1768 Stephano
772 1727 938 1767 quoque
948 1713 1045 1767 Byz.
1077 1710 1302 1768 Παρώρεια
1318 1721 1379 1754 e'st
1388 1713 1602 1754 Arcadiae

162 1775 282 1824 urb-5,-
321 1780 362 1813 et
391 1772 617 1814 Palmerius
649 1773 697 1811 in
722 1772 870 1811 Exere.
898 1786 941 1825 p.
962 1774 1062 1816 307.
1093 1772 1305 1826 opinatur,
1343 1775 1603 1813 Paroream&

164 1832 375 1873 communi
402 1832 570 1871 nomine
602 1831 826 1885 appellatos
850 1843 936 1869 esse
960 1843 1124 1881 omnes,
1156 1832 1231 1884 qui
1251 1833 1463 1870 ⁴montium
1491 1833 1600 1870 vici-

165 1893 285 1931 niam
307 1890 559 1930 accolebant.
606 1889 731 1943 Apud
748 1888 929 1928 Plinium
952 1887 1020 1939 IV,
1045 1891 1120 1938 10,
1145 1892 1184 1931 6.
1215 1901 1330 1928 nunc
1347 1891 1602 1928 Paroreatae

165 1949 338 2002 legitur,
370 1955 489 1988 antea
509 1950 733 1998 Pareatae,
765 1947 839 1986 sed
871 1946 917 1985 in
941 1959 1024 1998 qua
1047 1946 1320 1999 Peloponnesi
1341 1954 1460 2001 parte
1481 1948 1601 1987 sede-
1627 1947 1630 1951 ’

163 2009 272 2059 rint,
303 2021 388 2046 non
408 2006 628 2046 indicatur.
661 2005 806 2060 ἔρημοι
824 2001 869 2046 δὲ
890 2002 959 2045 καὶ
981 2003 1024 2052 ἐς
1045 2003 1115 2058 ἐμέ
1135 2004 1330 2057 Vulgata3
1360 2004 1432 2047 καὶ
1457 2005 1601 2045 delen-

167 2067 268 2105 dum
289 2065 509 2105 videbatur
533 2065 704 2117 Corayo.
737 2061 847 2117 μένει
871 2059 916 2103 δὲ
937 2060 983 2102 ἐν
1003 2062 1149 2119 Ζοιτίᾳ
1168 2059 1389 2118 Δήμητρος
1404 2060 1507 2113 ναός
1528 2062 1602 2105 καὶ

162 2119 416 2178 Ἀρτέμιδος,
460 2124 503 2164 οἳ
534 2122 605 2164 καὶ
638 2121 680 2171 ἐς
713 2119 784 2174 ἐμὲ
816 2114 935 2175 ἦσαν.
977 2118 1137 2174 ἐρείπια
1157 2118 1201 2161 δὲ
1223 2117 1385 2163 πόλεων
1404 2121 1477 2162 καὶ
1499 2118 1602 2163 ἄλλοι

164 2182 338 2235 Vulgata
348 2196 359 2231 3
393 2180 553 2220 Clavier
584 2179 817 2234 suspicatur
847 2176 1065 2230 legendum
1097 2191 1183 2217 esse
1215 2177 1256 2227 ἐς
1277 2177 1348 2232 ἐμὲ
1369 2173 1478 2232 ἦσαν
1501 2178 1599 2234 ἐρεί-

165 2255 253 2282 πια.
291 2235 474 2294 Ἐρείπια
492 2237 538 2280 δὲ
556 2254 594 2280 κ.
617 2254 647 2279 τ.
668 2241 703 2279 λ.
755 2236 901 2277 Melior
922 2241 984 2275 est
1005 2234 1204 2275 Boeckhii
1223 2237 1443 2288 sententia,
1473 2237 1600 2277 verba

166 2299 209 2340 οἳ
229 2296 300 2339 καὶ
322 2297 365 2347 ἐς
384 2295 454 2351 ἐμὲ
484 2290 595 2351 ἦσαν
627 2295 799 2335 delenda
825 2307 930 2345 esse,
959 2299 1010 2332 ut
1032 2292 1140 2333 nihil
1162 2293 1243 2333 nisi
1267 2295 1599 2348 praecedentium

164 2355 449 2409 repetitionem
482 2354 748 2394 continentia.
792 2353 977 2408 Θυραίου
1010 2349 1087 2405 μὲν
1107 2372 1166 2381 ·—-
1186 2347 1319 2406 λόγος.
1359 2353 1418 2392 Cf.
1453 2352 1507 2393 de
1532 2352 1598 2393 his

166 2429 255 2467 cap.
277 2418 305 2459 3
316 2443 327 2465 ,
354 2417 391 2457 1.
411 2427 452 2466 p.
475 2416 573 2457 602.
595 2419 635 2451 et
654 2411 858 2451 adnotata.
889 2411 969 2450 Pro
989 2409 1156 2462 vulgato
1179 2410 1370 2460 σταδίους
1392 2410 1485 2450 dedi
1508 2422 1598 2452 στα-

165 2473 283 2521 δίοις.
315 2472 367 2511 cf.
390 2470 443 2511 ad
465 2485 553 2525 cap.
573 2474 652 2522 21,
676 2473 716 2514 3.
738 2468 918 2522 Ὑψοῦς,
948 2462 1065 2516 πόλις
1084 2462 1322 2520 Ἀρκαδίας,
1352 2467 1408 2519 ὥς
1428 2471 1598 2510 Παυσα-

162 2530 255 2579 νίας
277 2524 407 2586 ὀγδόῳ
429 2528 569 2582 steph.
590 2529 688 2582 Byz.
713 2541 814 2582 quae
834 2526 933 2567 urbs
954 2524 1067 2565 unde
1094 2538 1247 2566 nomen
1269 2526 1496 2580 acceperit,
1525 2525 1597 2566 di·-

163 2587 295 2628 scitur
316 2601 369 2626 ex
388 2593 530 2627 nostro
554 2587 661 2626 loco.

263 2643 317 2716 ἲς.
348 2648 389 2688 7.
445 2645 505 2684 De
532 2643 597 2685 his
620 2642 910 2712 Koovvolglcf.
943 2641 1218 2738 adncglatafld
1250 2655 1340 2696 cap.
1358 2643 1432 2715 351,
1454 2645 1495 2686 2.
1525 2637 1596 2708 ἕιτὶ

161 2700 1592 2830 3⁷²²320²222v32203’2.53⁰333.2²32.}1535·...5533352‘12’222323'522
1638 2733 1641 2739 ’

157 2815 363 2875 λούμενον
384 2832 516 2874 σκηνη
536 2817 594 2871 11,
617 2821 694 2872 81,
722 2822 788 2863 11.
808 2832 851 2873 p.
876 2818 973 2863 185.
1014 2814 1224 2872 Κρουνοὶ,
1253 2815 1304 2859 αἱ
1321 2819 1404 2860 τοῖν
1428 2812 1591 2872 χειμάρ-
